2856 4574
603 180 826 248 -34...

132 411 175 422 —-
198 375 225 449 si
248 374 448 460 Phylarcbum
470 375 683 456 sequimur-
705 377 781 441 haec
807 386 888 442 sunt:
910 373 1016 461 μόνον
1039 376 1084 455 εἰς
1105 380 1187 445 ιε’ναι
1209 377 1296 466 πρός

127 473 246 557 αὐτους
267 473 292 570 ἢ
305 477 388 548 κατὰ
401 477 584 565 γυμνάσιον
602 479 640 548 τό
654 480 880 569 Κυλλαράβιον
896 481 1125 567 προςελθόντα
1138 486 1220 569 μετὰ
1234 489 1296 576 τῆς

8 604 11 614 ·
128 582 302 671 δυνάμεως
324 587 553 672 διαλέγεσθαι,
576 589 682 673 quibus
705 591 802 654 verbis
823 591 1011 656 irridentibus
1028 611 1129 656 omnes
1144 595 1295 677 discepta-

131 695 226 760 tiones
248 696 439 777 repudiantur
460 704 491 759 et
513 694 621 759 bellurn
642 697 781 777 poscitur.

234 799 422 877 ,Sacamum
445 812 513 866 sunt
535 802 725 886 ePhylarchi
747 803 964 886 relatione·jam
978 805 1071 870 altera
1086 826 1174 869 causa
1189 816 1298 889 postu-

128 907 270 973 lationum
294 909 383 973 Arati
406 900 431 996 ἢ
452 905 506 973 καὶ
532 904 730 993 βιασάμενος
758 930 833 993 quac
861 911 970 992 optime
995 913 1180 994 descriptioni
1209 933 1299 976 corn-

128 1016 335 1083 mentatiorunr
358 1017 577 1080 accommodari
599 1026 713 1098 potest,
735 1014 799 1103 (cir.
823 1019 910 1081 Aret.
926 1015 1072 1082 XXXIX
1088 1011 1228 1102 Ἄρατος
1251 1015 1301 1097 ὥς

127 1115 252 1212 ᾔσθετο
266 1168 274 1187 .
287 1169 296 1188 .
311 1119 387 1206 περὶ
398 1122 529 1208 Λέρναν
545 1115 624 1189 ὄντα
635 1119 719 1207 μετὰ
733 1129 790 1212 οη”ς
805 1119 985 1206 δυνάμεως)
1004 1134 1034 1186 et
1048 1128 1137 1190 verba
1152 1121 1302 1209 λαβόντα

130 1229 338 1314 τριακοσίους
365 1224 530 1317 ὁμήρους,
559 1251 633 1313 qnae
660 1232 767 1295 ialsam
797 1233 951 1297 Plutarchi
978 1233 1202 1295 recordationem
1232 1253 1329 1297 esse*

131 1335 286 1401 verborum
307 1327 401 1423 ἥκειν
424 1331 508 1419 μετὰ
528 1337 737 1423 τριακοσίων,
763 1334 792 1402 ἐι
815 1334 992 1403 Κᾶπιστεῖ
1013 1337 1126 1421 λαβεῖν
1148 1333 1302 1426 ὁμήρους

129 1440 216 1507 Anat.
250 1439 396 1509 XXXIX
431 1443 586 1509 vensimilc
619 1453 672 1509 cst.
719 1446 818 1527 Atque
844 1444 943 1533 verbis
975 1440 1062 1509 ταῦθ
1094 1439 1242 1521 οἰκούσας
1277 1443 1301 1511 ὅ

127 1547 337 1639 Κλεομένης,
361 1569 436 1631 quae
458 1551 579 1615 suntin
601 1570 689 1614 versu
711 1571 787 1615 nono
810 1532 988 1615 Plutarchus
1011 1553 1126 1615 omnino
1150 1553 1189 1615 ad
1214 1572 1303 1618 com-

132 1657 294 1721 mentarios
315 1656 434 1721 ridetur
454 1658 605 1721 transisse

234 1763 324 1829 Arati
347 1763 445 1844 capite
465 1762 611 1828 XXXIX
633 1765 669 1826 de
698 1763 800 1827 iisdem
829 1766 916 1828 rebus
939 1765 1116 1828 Plutarchus
1148 1767 1302 1848 perspicue

129 1890 186 1935 nou
213 1889 338 1953 sequens
367 1871 425 1935 nisi
452 1871 676 1935 commentarios
709 1873 805 1935 refert.
828 1906 873 1918 -
896 1871 1067 1947 Enarratio‚
1095 1891 1170 1952 quse
1198 1883 1301 1938 exstat

129 1976 159 2040 iu
185 1976 248 2042 vita
270 1976 371 2054 Arati,
398 1979 585 2061 occupatione
607 1978 755 2057 Argorum
782 1978 813 2040 in
838 1977 1001 2044 Cleomenis
1028 1998 1092 2059 cap.
1116 1976 1216 2043 XVII
1244 1983 1297 2045 de-

131 2083 242 2166 scripta
264 2084 392 2167 suppleri
414 2093 525 2166 potest,
554 2083 605 2148 ubi
633 2083 712 2148 dicet
735 2084 914 2148 Plutarchus
937 2081 1009 2149 ἐπεὶ
1033 2080 1071 2149 δὲ
1093 2087 1295 2174 φοβηθέντες

128 2189 160 2255 οἱ
179 2186 309 2273 Ἀχαιοὶ
331 2191 514 2274 προδοσίαν
536 2187 610 2257 τινα
631 2190 857 2277 πραττομένην
880 2184 916 2255 ἒν
936 2191 1099 2278 Κορίνθῳ
1124 2189 1178 2255 καὶ
1203 2195 1294 2257 Σικυ-

128 2297 204 2364 ῶνι.
217 2346 226 2362 .
240 2345 248 2361 .
261 2293 290 2363 .*
335 2297 436 2380 Atque
466 2298 496 2362 iu
519 2299 713 2381 descriptione
735 2298 872 2361 Achaeos
895 2298 1068 2378 vituperari,
1095 2299 1172 2379 quod
1195 2297 1302 2380 Argis,

129 2403 180 2468 ubi
201 2413 322 2487 propter
338 2404 551 2469 multitudinem
568 2405 716 2469 hominum
732 2405 924 2468 confluentem
940 2404 1097 2468 Cleomene
1109 2404 1173 2485 jam
1189 2423 1304 2487 appro-

130 2511 289 2594 pinquante
322 2531 356 2574 eo
389 2512 483 2594 major
514 2511 699 2594 providentie
733 2519 822 2592 atque
848 2510 998 2591 uigilantia
1030 2511 1195 2574 necessaria
1228 2520 1305 2590 erat,

238 2703 255 2738 *
273 2703 334 2761 lion
352 2735 386 2744 -
404 2706 437 2758 ut
454 2702 560 2774 Unger:
585 2701 852 2774 „Sitnuugaberichte
870 2701 920 2757 der
937 2701 995 2762 Bai.
1013 2701 1096 2760 Aced.
1115 2705 1184 2760 1879
1200 2716 1227 2771 p.
1246 2706 1305 2761 371

129 2808 189 2864 sqq.
215 2781 336 2861 accipere
361 2805 518 2861 mosomus,
553 2789 635 2848 ferias
659 2793 817 2848 Nemeorum
842 2791 972 2847 hocloco
996 2795 1215 2847 commemoratas
1238 2796 1310 2847 ante

129 2882 200 2940 dicun
217 2882 262 2938 IV
280 2898 341 2942 non.
360 2882 431 2952 Aug.
451 2881 515 2936 suni
538 2880 715 2946 ducentesimi
733 2880 852 2937 vicesimi
871 2880 944 2935 tertii
962 2879 1101 2949 ponendus
1123 2894 1195 2948 esse,
1219 2880 1243 2935 si
1261 2896 1308 2936 res

129 2970 165 3028 ab
183 2971 230 3028 illo
247 2971 292 3028 dio
309 2986 395 3042 usque
413 2969 449 3026 sd
460 2969 574 3026 hiemem
587 2969 740 3026 venientem
754 2973 847 3038 ςοειοο
865 2969 1092 3025 consideravimus
1106 2967 1152 3028 cfr.
1166 2969 1256 3041 Polyb
1267 2971 1307 3040 11,

129 3063 244 3121 tit-tt.
281 3060 372 3117 Oleonr
394 3059 709 3118 17—21Arnt39-45.
746 3055 907 3129 ESicyonis
925 3058 1005 3113 trium
1024 3059 1153 3115 mensium
1166 3057 1308 3115 obsidione

131 3150 201 3220 sols,
230 3165 324 3207 omnes
347 3150 414 3205 altas
438 3163 481 3204 res
504 3147 606 3204 abillo
628 3147 671 3204 die
693 3155 787 3218 gestas
811 3165 865 3204 non
891 3147 1102 3217 respicicieutes,
1131 3147 1306 3218 conjiciamus

130 3243 237 3308 oportet
261 3239 428 3309 Antigonum
459 3236 536 3293 initio
559 3235 720 3293 Novembris
747 3237 903 3305 advenisse,
931 3236 974 3290 cui
996 3235 1099 3307 judicio
1125 3249 1169 3290 res
1190 3235 1301 3304 ipsass

129 3327 275 3384 Plutarcho
292 3333 321 3383 et
339 3325 452 3398 Polybio
478 3325 595 3381 traditae
613 3331 775 3395 repugnant.
811 3326 905 3394 Neque
927 3325 986 3381 aliis
1008 3324 1087 3381 rebus
1106 3323 1218 3394 Ungen'i
1239 3320 1299 3379 crdo

130 3421 280 3485 temporum
303 3432 320 3471 a
342 3415 424 3472 rebus
442 3414 554 3470 traditis
580 3431 635 3470 uon
659 3413 793 3470 abhorret.
829 3415 891 3469 Duo
916 3415 979 3469 anni
1003 3414 1060 3470 sine
1082 3428 1164 3468 causa
1186 3416 1300 3481 prseter-

132 3505 290 3574 mittnntur,
315 3502 344 3559 id
361 3503 433 3575 quod
451 3504 560 3559 resistet
577 3503 727 3575 Polybiane
743 3504 790 3562 iilo
807 3504 865 3559 loco
886 3504 927 3573 Π,
951 3507 997 3573 hi,
1022 3506 1051 3571 2,
1075 3501 1122 3558 ubi
1139 3500 1301 3557 Mantineam

131 3608 181 3664 per
192 3594 308 3650 Aratum
325 3599 426 3663 quarto
445 3610 518 3651 anno
535 3600 600 3649 ante
613 3593 744 3662 Antigoni
756 3592 903 3648 adventurn
916 3597 1073 3660 occupatam
1087 3605 1161 3659 esse,
1181 3591 1306 3647 narratur

131 3681 179 3738 cfr.
197 3681 265 3738 Aret
282 3682 419 3742 XXXVI.
436 3714 471 3724 -
490 3682 583 3754 Unger
599 3688 689 3738 autern
708 3682 781 3736 illam
800 3680 1026 3750 expugnationem
1048 3680 1075 3733 in
1099 3678 1218 3735 secundo
1235 3691 1309 3733 anuo

132 3777 196 3828 ante
215 3771 350 3842 Antigoni
370 3770 519 3826 adventum
538 3773 637 3840 ponera
655 3771 770 3840 cogitur.
806 3769 900 3839 Neque
918 3767 1059 3837 babemus,
1078 3766 1151 3835 quod
1168 3767 1310 3836 opinemur

132 3859 286 3933 Polybium,
320 3860 424 3915 ratione
447 3859 637 3932 Olympindum
660 3875 753 3929 ursum,
781 3873 866 3914 anuos
890 3863 919 3912 et
940 3857 1054 3927 primum
1080 3860 1109 3910 et
1131 3856 1258 3911 ultimum
1279 3855 1309 3909 in

133 3950 241 4006 ratione
258 3949 369 4004 duxisse
388 3947 444 4020 (cfr.
464 3949 498 4006 G.
516 3946 619 4008 Strehl:
644 3946 872 4018 chronologische
888 3945 979 4002 Daten
998 3942 1043 3998 bei
1061 3943 1193 4016 Polybius
1217 3943 1307 4012 1879.)

135 4036 166 4093 Si
183 4044 274 4095 sutem
292 4038 339 4096 ills
362 4038 499 4094 metentis
520 4043 595 4093 recta
619 4042 704 4107 esset,
728 4037 755 4091 in
774 4034 887 4106 Polybio
909 4040 999 4089 tamen
1022 4037 1076 4104 eat,
1099 4031 1172 4102 quod
1194 4030 1308 4088 resistat

131 4127 302 4200 conlectum
318 4126 443 4198 Ungorii:
465 4126 518 4183 etsi
536 4142 619 4182 uuum
637 4131 728 4182 tamen
746 4140 800 4180 non
818 4122 871 4180 dno
888 4138 974 4180 annos
992 4134 1129 4179 removere
1151 4135 1306 4189 possumus.
