2856 4574
614 162 811 226 ..6..

130 369 193 424 rate
212 360 423 434 describuntur,
440 379 528 441 quam
547 359 576 422 in
593 380 618 424 c.
635 358 735 436 6-9,
754 381 812 442 qna
826 380 858 422 re
873 380 909 422 ea
926 379 963 421 en
978 357 1066 421 Arati
1079 360 1297 424 commentariis

132 466 251 530 duxisse
268 467 408 530 creditum
427 475 480 530 est.
526 465 605 538 Quin
621 468 721 542 ctiam,
738 469 865 530 Aratum
881 467 1030 548 quondam
1046 474 1161 529 noctem
1178 466 1296 547 inquie-

131 582 195 638 tam
218 576 271 637 sub
295 574 362 636 divo
385 573 549 653 transigere
570 582 705 636 coactum
729 593 805 648 esse,
828 573 1003 637 Plutarchus
1027 574 1128 637 tradit.

238 681 310 761 Cap.
334 678 414 743 XIH
446 679 622 743 Plutarchus
654 700 673 742 a
699 699 794 743 rerum
825 681 1007 742 enarratione
1034 679 1166 756 aberrat,
1198 688 1231 742 nt
1258 682 1298 742 de

132 788 222 852 Arati
238 807 338 850 amore
352 786 460 849 artium
479 785 641 849 liberalium
661 797 690 849 et
709 786 843 849 maximis
864 786 1040 848 ornamentis
1056 785 1192 869 Sicyonis
1212 795 1297 866 agat,

131 897 162 959 id
185 895 261 978 quod
285 915 304 956 a
325 893 483 957 Polemone
505 894 659 973 repetitum
683 912 748 954 esse
772 893 876 956 dicitur
897 891 962 976 (eir.
982 891 1105 958 Miiller:
1129 894 1202 973 irag.
1226 892 1298 958 hist.

132 1003 238 1066 Graec.
262 1000 311 1063 lII
333 1021 361 1081 p.
388 997 474 1080 111.)
519 998 649 1062 Titulum
677 1007 775 1061 autem
802 998 868 1061 libri
895 1017 932 1059 ex
958 1019 1015 1080 qno
1042 1018 1094 1078 ea,
1123 1020 1198 1081 quae
1223 1001 1297 1074 dixi,

131 1119 249 1189 sumpta
282 1116 352 1170 sunt
378 1106 551 1169 Athenaeus
574 1105 634 1181 VI,
662 1103 727 1168 253
754 1107 779 1168 B
813 1114 843 1168 et
868 1104 949 1168 XHI
971 1101 1035 1167 577
1064 1105 1089 1168 C
1120 1103 1213 1188 „rrspi
1235 1105 1296 1193 τῇς

132 1213 285 1301 ποικίλης
301 1218 398 1288 στοᾶς
417 1217 474 1300 τῆς
489 1207 523 1276 ἐν
539 1215 696 1288 Σικυῶνιη
721 1211 880 1276 nominat*
896 1249 939 1259 -
957 1211 1004 1274 Ac
1028 1232 1144 1274 summa
1166 1213 1297 1275 necessi-

131 1330 194 1384 tate
206 1321 332 1383 Aratum
347 1339 411 1382 curn
424 1319 592 1381 Ptolemaeo
608 1319 792 1398 conjunctum
804 1319 903 1394 fuisse,
920 1340 984 1381 cum
1001 1319 1118 1399 saepius
1133 1319 1160 1380 ei
1176 1319 1298 1383 tabulas

132 1427 227 1508 pictas
261 1427 397 1499 donaret,
431 1444 467 1486 ex
495 1425 662 1487 Polemonis
694 1426 767 1487 libro
800 1425 890 1488 etiam
922 1427 1049 1508 petitum
1077 1425 1193 1488 videtur
1225 1447 1298 1489 esse.

133 1536 247 1597 Aratus
270 1533 346 1595 enim
368 1533 430 1613 ipse
453 1533 670 1606 necessitatem,
693 1552 767 1614 quae
791 1533 817 1595 ei
840 1543 903 1595 erat
925 1553 990 1595 cum
1010 1531 1178 1595 Ptolemaeo
1200 1533 1297 1613 priore

132 1642 195 1703 loco
219 1647 294 1721 (cap.
314 1638 350 1724 4)
379 1647 672 1712 commemoraverat,
702 1639 753 1701 sed
779 1640 864 1702 aliter
892 1640 1145 1719 comprobaverat.
1190 1638 1296 1723 Itaque

133 1748 354 1810 commentarios
374 1749 413 1810 ab
438 1747 484 1810 his
504 1746 599 1808 verbis
618 1738 763 1809 αὐτόθεν
782 1747 826 1832 τῷ
845 1745 976 1827 βασιλεῖ
1000 1745 1190 1831 διακειμένῳ
1216 1743 1300 1829 πρὸς

135 1833 234 1919 αὐτόν
250 1853 374 1930 οἰκείως
390 1849 530 1933 ἐνέτυχε,
545 1861 702 1932 quaesunt
717 1851 835 1926 inXII,
857 1852 899 1916 26
920 1853 1053 1933 abrumpi
1075 1861 1104 1914 et
1123 1853 1152 1915 in
1168 1873 1194 1919 c.
1210 1851 1300 1929 ΧΠΙ,

137 1959 179 2026 23
203 1961 254 2024 ubi
278 1961 363 2023 haec:
389 1958 443 2024 καὶ
465 1954 576 2034 διδούς
598 1959 718 2040 πεῖραν
740 1954 785 2023 ἔτι
807 1959 935 2042 μᾶλλον
958 1953 1070 2047 ἥψατο
1094 1959 1197 2041 recipi,
1224 1981 1300 2042 quae

136 2075 233 2131 antem
257 2067 400 2129 intersunt
422 2067 459 2128 ad
484 2066 671 2129 Polemonem
694 2068 861 2129 revocanda
883 2087 957 2142 esse,
981 2075 1063 2146 puto.

240 2174 313 2236 Post
346 2174 464 2236 brevem
497 2173 753 2247 intermissionem,
787 2194 862 2255 quae
895 2173 1170 2236 considerationibus
1203 2174 1297 2254 ipsius

133 2280 287 2343 Plutarchi
313 2281 359 2355 fit,
386 2299 460 2360 quae
486 2300 511 2343 c.
537 2277 633 2354 XIV,
668 2278 777 2344 1-12
804 2282 998 2355 continentur,
1029 2280 1128 2342 verbis
1162 2273 1299 2344 dandar-

134 2385 228 2468 χθεὶς
250 2383 310 2471 γάρ
334 2386 605 2450 commentariorum
628 2389 773 2450 enarratio
796 2389 891 2451 denuo
913 2386 1059 2467 recipitur.
1105 2387 1241 2462 Aratum,
1265 2394 1297 2449 ut

135 2494 334 2575 possessiones
357 2492 512 2575 Sicyonius
539 2492 577 2553 ad
605 2513 737 2556 normam
765 2494 914 2575 dirigeret,
941 2494 1034 2555 solum
1061 2494 1221 2567 arbitrum,
1251 2492 1298 2555 cni

138 2600 213 2664 ratio
240 2602 388 2663 reddenda
415 2616 471 2661 non
500 2607 590 2674 esset,
623 2600 733 2663 factum
760 2621 823 2664 esse
848 2609 992 2664 narratur.
1040 2600 1100 2663 Sed
1129 2620 1193 2662 cum
1219 2599 1299 2661 oneri

136 2708 231 2770 minus
264 2726 364 2789 parem
398 2724 429 2768 se
462 2724 525 2767 esse
556 2706 721 2787 putavisset
754 2707 861 2770 civium
888 2707 1050 2790 quindecim
1078 2709 1116 2769 ad
1143 2727 1204 2768 rem
1233 2726 1301 2787 per-

137 2814 290 2877 ficiendam
312 2833 378 2875 eum
402 2812 581 2875 adhibuisse.
628 2811 715 2884 Quae
736 2816 892 2890 enarratio,
920 2835 986 2876 cnm
1008 2813 1096 2877 Arati
1123 2821 1224 2894 partes
1252 2832 1301 2874 sc-

138 2929 255 3004 qnatur‚
282 2921 357 3000 qnod
380 2918 565 2982 difficultates
588 2920 713 2982 muneris
740 2921 769 2983 in
797 2922 922 2984 medium
946 2923 1055 3002 profert
1082 2929 1113 2983 et
1139 2919 1296 2981 maximam

138 3027 265 3107 gratiam
287 3025 314 3087 ci
337 3046 355 3088 a
376 3027 486 3088 civibus
508 3023 655 3101 habitam,
683 3029 760 3107 qnod
788 3038 851 3090 tarn
874 3028 985 3108 egregie
1007 3026 1218 3108 rempublicam
1242 3028 1299 3088 ad-

139 3132 403 3208 ministrativisset,
427 3132 521 3209 addit,
549 3133 611 3197 sine
632 3134 718 3196 dubio
742 3135 781 3196 ad
803 3135 928 3197 Aratum
951 3133 1047 3214 ipsum
1070 3135 1222 3197 referenda
1245 3142 1300 3196 est.

246 3396 261 3431 *
280 3395 382 3451 Prellcr
392 3396 420 3449 in
434 3394 512 3465 libro,
533 3395 579 3465 qui
591 3393 756 3452 inscribitur:
774 3395 925 3451 Polemonis
939 3393 1091 3466 fragmenta
1107 3402 1135 3450 et
1147 3397 1241 3451 Miiller
1254 3398 1271 3455 1.
1285 3398 1302 3455 l.

140 3487 197 3542 loco
211 3486 344 3541 Athenaei
361 3487 432 3540 XIH
449 3500 475 3551 p.
487 3485 576 3543 567ss
594 3483 720 3539 commoti
735 3483 849 3538 alterum
866 3485 962 3541 librum
979 3487 1014 3541 de
1032 3484 1155 3540 artificiis
1170 3485 1301 3556 Sicyonis,

75 3631 77 3634 Α
140 3577 187 3645 qur
204 3575 368 3635 inserimur:
387 3569 541 3653 περιιών
560 3566 597 3634 ἐν
612 3567 751 3633 Σικυῶνι
771 3563 916 3636 πινάκων
934 3576 1008 3631 noas
1020 3575 1171 3630 Ριιιιιιιιι
1189 3573 1303 3633 accunt.

143 3665 197 3720 Sed
220 3665 288 3721 duos
311 3665 395 3722 libros
413 3668 581 3723 Polemonem
605 3667 639 3722 de
662 3665 788 3721 arteficiis
812 3665 934 3737 Sicyonis
956 3664 1160 3731 conscripsisse,
1184 3679 1237 3716 non
1260 3668 1304 3717 est
1383 3668 1387 3673 ’

141 3754 292 3814 verisimile.
329 3756 498 3811 Athenaeum
515 3756 605 3826 potius
623 3755 674 3810 hoc
696 3756 764 3824 loco,
784 3770 838 3823 quo
856 3758 962 3809 tantum
982 3753 1025 3806 hic
1043 3751 1140 3805 tit-ulus
1158 3751 1302 3820 invenitur,

142 3842 237 3898 librum
255 3844 308 3899 iam
326 3859 408 3913 supra
425 3851 657 3900 commemoratum
677 3844 756 3899 titulo
768 3845 892 3912 neglecto
904 3840 1067 3910 significare,
1086 3839 1235 3907 putandum
1248 3845 1303 3898 est.

141 3933 269 4001 Legimus
286 3939 377 3987 autem
395 3932 475 3992 haec:
501 3922 703 4015 μνηονηεὺει
725 3921 762 3989 δι’
781 3921 888 3991 αὐτῶν
911 3919 955 3999 ὥς
976 3922 1075 3988 ταῦτα
1098 3920 1203 3986 auleis
1228 3941 1302 4003 ypo-

58 4028 60 4032 ”
142 4012 272 4103 φύντων
287 4017 446 4100 Πολέμων
462 4014 496 4081 ἐν
511 4016 556 4101 aqi
575 4015 651 4100 περὶ
665 4015 727 4078 τῶν
748 4013 783 4079 ἐν
799 4013 937 4079 Σικυῶνι
952 4007 1115 4092 πινάκων,
1132 4033 1202 4087 qnae
1217 4018 1300 4072 Atho-

144 4128 240 4172 uaeum
257 4127 273 4168 e
291 4111 416 4170 memoria
434 4109 583 4181 abdidisse,
602 4108 821 4166 verisimillimum
838 4113 889 4168 est.
