2856 4574
638 104 873 224 J-ss-

185 348 349 416 oinelncuo
372 349 433 439 τήν
456 348 561 441 ἀρχήν
584 351 638 417 καὶ
658 349 865 442 παρῃτήσατο
891 349 1076 419 καλούντων
1099 351 1153 418 καὶ
1179 354 1347 436 δεομένων

183 453 203 521 ὁ
232 451 389 539 Ἄρατος,
424 459 626 522 concludamus
663 459 740 523 licet.
804 462 906 542 Neque
943 460 1144 541 negligendum
1184 470 1229 523 est
1266 462 1348 538 illud,

182 565 260 645 quod
293 565 321 626 in
350 565 515 628 Cleomenis
542 565 605 628 vita
632 565 682 627 illa
709 566 809 629 clades
832 567 1131 630 Lacedaemoniorum
1154 567 1231 629 nullo
1255 569 1348 630 verbo

183 671 321 748 tangitur.
367 672 481 734 Eodem
504 673 592 735 modo
618 674 774 753 posteriore
802 674 864 736 loco
890 672 1042 736 calamitas
1063 674 1229 738 Cleomenis
1255 695 1346 755 quam

183 778 323 860 Polybius
352 777 400 849 ΙΙ,
433 774 492 853 55,
525 775 718 854 bdescribit,
750 780 862 842 omissa
889 788 944 842 est.
988 778 1024 843 In
1052 780 1216 844 Cleomenis
1244 788 1348 842 autem

183 884 263 945 vitae
296 886 392 963 capite
424 883 473 947 IV
505 885 681 949 Plutarchus
718 887 754 949 de
786 887 844 949 alio
880 887 1044 950 Cleomenis
1083 887 1275 961 detrimento,
1309 889 1348 950 de

182 991 333 1053 Mantinea
372 993 410 1054 ab
445 992 541 1054 Arato
581 1001 671 1072 capta
705 993 830 1056 alterum
866 995 976 1056 fontem
1016 1013 1137 1075 sequens
1174 1004 1350 1057 narraverat

184 1097 245 1174 (cfr.
274 1098 359 1160 Arat.
384 1097 550 1179 XXXVI).
595 1098 764 1162 Brevitate·
777 1099 818 1161 rei
852 1099 893 1162 ibi
928 1109 1170 1163 commemoratae
1199 1101 1349 1179 commoti,

183 1223 240 1284 qua
273 1223 329 1266 non
364 1206 525 1269 continetur
560 1205 615 1268 nisi
648 1206 699 1269 illa
730 1206 882 1288 occupatio
916 1208 1018 1286 paucis
1059 1208 1213 1270 admodum
1248 1210 1348 1272 verbis

182 1310 357 1392 perscripta,
388 1311 517 1392 judicare
550 1313 689 1377 debemus
719 1333 775 1376 nou
811 1315 939 1376 futurum
973 1314 1073 1391 fuisse,
1107 1323 1140 1376 nt
1169 1313 1349 1378 Plutarchus

182 1417 220 1476 ab
249 1418 392 1480 uberrimo
418 1418 510 1494 fonte,
537 1419 720 1501 Phylarcho,
748 1419 932 1496 abhorreret,
959 1419 1016 1483 nisi
1043 1421 1094 1482 illa
1121 1440 1168 1482 res
1195 1440 1264 1482 eum
1292 1422 1348 1484 de-

183 1523 307 1587 iecisset.
365 1523 453 1595 Quod
490 1525 677 1608 Phylarchus
710 1528 828 1608 saepius
864 1527 1049 1608 panegyrista
1080 1527 1243 1591 Cleomenis
1276 1548 1349 1608 cog-

182 1631 323 1706 noscitur,
361 1631 502 1713 suspicari
540 1633 696 1709 debemus,
734 1652 801 1696 eum
838 1633 935 1696 clades
967 1652 1024 1696 nou
1058 1634 1163 1696 eadem
1201 1635 1348 1714 religione,

183 1759 242 1820 qua
264 1746 385 1801 eventus
407 1739 499 1802 bonos
521 1739 686 1802 tradidisse.
710 1774 754 1787 -·
776 1741 839 1803 Res
865 1748 1013 1821 postremo
1041 1739 1163 1802 collatae
1189 1749 1272 1803 erant
1300 1742 1348 1805 ul-

183 1845 286 1921 timae,
308 1864 383 1927 quas
402 1845 515 1908 Aratus
538 1854 658 1925 praetor
679 1846 784 1925 gessit,
807 1866 892 1927 quem
916 1846 980 1928 quis
998 1856 1114 1909 secutus
1133 1847 1185 1922 sit,
1207 1847 1236 1909 in
1256 1847 1347 1911 Cleo-

183 1953 276 2014 menis
299 1952 377 2014 vitae
397 1951 493 2032 capita
510 1950 591 2014 XIV
609 1952 784 2016 nominatur.
829 1953 903 2014 Erat
925 1962 1022 2016 autem
1041 1953 1238 2034 Hyperbetas,
1262 1957 1346 2038 cujus

182 2077 229 2120 res
255 2059 322 2121 inde
350 2078 370 2119 a
397 2059 494 2138 capite
516 2057 580 2121 VH
607 2078 697 2140 usque
726 2059 764 2121 ad
792 2067 879 2140 caput
905 2057 969 2122 XV
1001 2057 1199 2123 enarramus*
1245 2063 1342 2145 Atque

183 2166 287 2248 primis
310 2165 458 2246 capitibus
481 2167 517 2228 de
541 2166 702 2228 mutatione
725 2185 821 2228 rerum
846 2166 1062 2248 Spartanorum
1085 2168 1214 2230 retertur.
1261 2167 1344 2239 Quae

183 2271 325 2352 expositio
348 2281 448 2351 partes
464 2271 628 2334 Cleomenis
651 2273 794 2353 seqnitur,
817 2291 917 2335 omues
939 2292 985 2335 res
1009 2274 1046 2335 ab
1069 2292 1103 2335 eo
1125 2282 1225 2353 gestas
1241 2277 1347 2355 probat

183 2378 325 2458 imprimis
346 2378 413 2440 illas
430 2388 542 2455 tuetur,
564 2398 638 2460 quae
656 2379 813 2441 iodeoueae
833 2389 915 2456 sunt,
937 2379 1040 2460 quibus
1056 2379 1121 2443 lans
1139 2380 1347 2444 moderationis

182 2495 272 2565 atqua
292 2485 478 2566 ingenuitatis
498 2485 642 2549 excitetur
660 2486 723 2569 (etr,
739 2483 833 2562 VIII,
849 2486 892 2564 2).
939 2486 1114 2548 Provocatio
1137 2497 1250 2562 autem,
1273 2507 1347 2568 quae

182 2591 373 2672 interponitur
396 2593 435 2653 ad
453 2590 580 2674 Lycurgi
602 2592 816 2667 institutiones,
840 2592 920 2655 velut
942 2592 1106 2673 exemplum
1130 2593 1347 2658 institutionum

182 2698 346 2761 Cleomenis
370 2699 446 2779 (cap.
469 2696 513 2779 X)
542 2700 580 2762 ad
608 2700 731 2762 eundem
757 2702 866 2762 lentem
895 2700 1056 2762 revocanda
1083 2707 1141 2775 est,
1169 2701 1217 2781 qui
1240 2700 1347 2782 Agidis

183 2805 442 2867 commutationem
464 2824 562 2868 rerum
582 2825 640 2868 nou
664 2826 728 2868 esse
741 2805 796 2884 nisi
810 2804 960 2869 restitutas
975 2805 1052 2887 leges
1070 2806 1198 2888 Lycurgi
1212 2808 1348 2884 volebat,

184 2912 253 2990 (Ag.
274 2910 315 2988 V,
340 2910 357 2974 1
381 2910 446 2986 IX,
470 2912 491 2977 2
513 2911 560 2987 Χ,
584 2912 627 2992 3).
672 2913 777 2976 Laude
797 2930 866 2974 vero
895 2912 1003 2975 eximia
1024 2912 1200 2989 Cleomenis,
1233 2935 1309 2996 quae
1331 2936 1347 2977 e

183 3020 280 3100 capite
294 3018 359 3084 XII
377 3020 484 3095 elucet,
506 3019 645 3083 acerrimo
661 3019 728 3082 odio
743 3019 938 3097 Achaeorum,
960 3020 1037 3101 qnod
1053 3020 1163 3082 ibidem
1177 3023 1346 3102 reperimus,

182 3126 308 3189 lanatico
329 3127 414 3207 quasi
437 3126 535 3189 studio
551 3136 679 3189 ›vetemm
710 3145 824 3189 morum
850 3126 1087 3208 disciplinaeque,
1115 3128 1192 3207 quud
1216 3137 1344 3191 extrema

207 3396 210 3402 “
288 3389 379 3444 *Hoc
396 3387 454 3444 loco
476 3387 541 3442 mihi
560 3387 701 3458 Droysenil
724 3402 838 3442 errorem
862 3387 906 3443 111
928 3403 954 3456 p.
973 3391 1008 3445 88
1033 3389 1164 3459 corrigere
1186 3390 1274 3460 liceat,
1297 3390 1344 3460 qni

184 3477 219 3533 ad
232 3478 383 3533 Cleomenis
400 3492 460 3546 cap.
472 3478 532 3532 VII
550 3482 675 3545 spectans
693 3475 822 3546 loquitur:
842 3476 908 3547 ,Dte
920 3476 1091 3548 Entiemung
1107 3477 1155 3533 des
1166 3478 1268 3549 Kbnlgs
1280 3477 1346 3535 aber

183 3566 238 3621 und
252 3565 295 3620 die
309 3564 539 3636 Gelangenschalb
556 3565 605 3620 des
618 3564 786 3634 Megistouns
804 3580 879 3620 muas
897 3568 926 3622 iu
943 3566 991 3621 der
1003 3565 1153 3636 Oligarchie
1170 3566 1348 3624 bedeuhliohe

183 3655 362 3710 Entsohlllsse
380 3653 514 3723 gezeitigt
531 3653 631 3723 haben,
651 3670 686 3709 zu
703 3655 785 3710 deren
800 3652 979 3725 Austiihrung
994 3655 1039 3710 die
1052 3655 1177 3724 Ephoten
1190 3656 1247 3712 ihre
1259 3657 1347 3712 Amts·

183 3745 286 3813 gewalt
305 3759 339 3798 zu
357 3741 527 3812 gebrauchen
545 3743 684 3814 bestimmt
700 3759 828 3814 genesen
846 3744 903 3800 sein
921 3744 1038 3803 werden.
1074 3745 1131 3801 Nur
1148 3761 1179 3801 so
1191 3746 1228 3800 ist
1239 3745 1284 3800 die
1296 3746 1348 3802 Ge·

183 3832 317 3904 waltthat,
338 3846 373 3885 au
386 3830 433 3885 der
447 3830 602 3886 Cleomenes
615 3832 718 3903 schertt,
736 3831 902 3891 erklhrlich“.
938 3833 1092 3888 Cleomenes
1104 3838 1194 3889 autem
1208 3833 1347 3890 consilium

184 3921 297 3990 ephoros
310 3919 464 3976 removendi
473 3925 581 3988 ceperat
585 3919 643 3990 jam
655 3927 719 3974 aute
727 3921 828 3976 exitum
839 3937 916 3976 surim
927 3924 955 3975 et
966 3924 1029 3975 ante
1038 3920 1219 3990 Magistonum
1230 3928 1347 3993 captum,

182 4009 211 4064 id
229 4009 301 4079 quood
319 4009 459 4079 perspicua
477 4007 606 4076 scriptum
625 4007 747 4064 videmus
766 4009 856 4065 Cleom
876 4012 905 4079 7,
924 4013 949 4067 3.
986 4009 1059 4081 Ergo
1076 4009 1222 4084 Droysenil
1244 4011 1347 4086 conjec-

183 4104 245 4158 tura
262 4098 341 4155 rebus
360 4098 468 4154 traditis
485 4097 544 4154 sine
561 4097 618 4153 ulla
634 4110 717 4153 causa
734 4103 876 4170 repugnat.
895 4128 929 4144 —-
