2856 4574
599 164 819 231 ..46-

128 361 229 447 βοῦν“
257 358 480 444 αἰνιττόμενος
495 356 535 425 τά
549 355 610 443 μὲν
626 365 741 445 κέρατα
758 357 815 424 τάν
830 356 1022 447 Ἰιλωμάτην
1037 353 1162 424 καὶτῶν
1176 355 1302 440 Ἀκρο-

130 465 307 553 κόρινθον,
330 462 390 554 τήν
413 463 450 531 δέ
471 462 736 555 Πελοπόννησον
759 464 816 533 τόν
838 469 920 551 βοῦν
933 514 1019 531 .....
1167 450 1302 459 -“

235 573 256 661 ξ
274 575 315 639 10
338 570 521 658 λαβόμενος
543 568 642 640 αὐτοῦ
659 574 718 662 τής
733 575 873 654 δεξιᾶς.“
919 565 1058 656 ἄγωμεν,
1081 568 1158 659 ἔφη,
1182 572 1303 637 τοίνυν

130 677 231 747 πάλιν
253 676 314 768 τήν
338 675 440 768 αὐτήν
462 677 553 745 ὁδον.

236 787 325 860 Quod
351 788 528 851 Plutarchus
555 788 689 850 oratione
719 786 806 848 Arati
836 806 855 848 a
885 787 1010 870 Polybio
1036 788 1169 862 discedit,
1198 787 1304 868 magni

131 895 272 958 momenti
288 903 342 957 est.
373 893 549 975 Diligentius
564 895 639 957 euim
655 893 707 956 illa
723 893 816 955 oratio
839 913 898 955 rem
922 914 941 956 a
956 893 1081 978 Polybio
1103 893 1305 975 propositam,

131 1020 191 1081 qua
223 1002 312 1064 fidem
335 1020 397 1064 esse
420 1001 525 1064 dicitur
552 1021 687 1082 maguum
716 1000 831 1080 imperii
859 1000 1051 1081 praesidium,
1081 1000 1204 1081 exponit
1229 1007 1264 1062 et
1286 1020 1307 1062 a

130 1107 306 1182 Plutarcho,
329 1107 378 1189 qui
401 1108 487 1170 rebus
511 1127 529 1170 a
545 1108 671 1190 Polybio
687 1107 803 1169 traditis
823 1128 892 1170 usus
908 1115 967 1182 est,
984 1107 1023 1169 ad
1040 1106 1195 1169 arbitrium
1214 1126 1304 1170 suum

135 1214 245 1294 scripta
267 1221 322 1276 est.
368 1215 428 1277 Eas
452 1223 567 1294 partes,
589 1215 692 1294 quibus
716 1213 864 1276 dicuutur:
893 1209 1009 1299 λησταὶ
1031 1207 1091 1296 γάρ
1114 1207 1304 1296 ἐμφύονται

131 1318 262 1402 πέτραις
285 1343 313 1382 κ.
337 1340 363 1383 τ.
386 1319 415 1385 λ.
439 1340 544 1401 easque
559 1321 662 1402 quibus
680 1319 767 1381 valde
791 1319 1037 1400 reprehenduntur
1052 1319 1182 1400 Philippi
1202 1340 1304 1383 mores

131 1428 194 1507 (cir.
218 1445 283 1507 cap.
304 1423 424 1507 XLIX)
448 1427 528 1490 haud
551 1425 613 1488 scio
636 1446 673 1488 an
691 1426 866 1490 Plutarchus
889 1427 925 1488 de
948 1445 1000 1487 suo
1021 1426 1176 1489 addiderit.
1228 1427 1300 1491 Plu-

130 1532 266 1596 tarchum
283 1533 506 1615 descriptionem
521 1532 638 1618 Polybii
662 1534 801 1595 excedere
820 1533 882 1613 jam
897 1532 926 1595 iu
942 1552 1005 1613 cap.
1021 1531 1128 1596 XLIX
1152 1534 1303 1598 diximus.

233 1639 331 1721 Caput
353 1639 395 1702 LI
417 1640 557 1721 contingit
580 1639 694 1723 Polybii
726 1640 896 1702 relationem
918 1622 995 1715 VII,
1026 1638 1082 1718 13,
1113 1637 1129 1701 1
1155 1649 1186 1702 et
1209 1641 1305 1717 VIII,

133 1742 185 1820 14,
219 1743 248 1809 1.
300 1746 398 1827 Caput
425 1745 483 1809 LII
515 1748 677 1810 accuratius
711 1747 842 1825 congruit
869 1766 935 1808 eum
964 1746 1082 1828 Polybii
1109 1749 1305 1811 enarratione

130 1850 211 1915 VIII
223 1900 230 1927 ,
257 1851 299 1915 14
320 1846 378 1916 τῶν
400 1873 435 1934 γε
456 1848 524 1941 μήν
540 1845 682 1933 Ἄρατον
706 1846 804 1917 αάτόν
827 1845 887 1917 οάκ
906 1848 1070 1916 ἐλάνθανε
1093 1850 1129 1917 τό
1152 1850 1305 1921 κακόν..

235 1960 253 2043 ξ
282 1957 303 2022 5
327 1953 472 2035 ἅπαντας
501 1943 872 2043 γάρ-ἐ-πικρυπτόμενος
893 1954 969 2035 τούς
992 1956 1111 2036 ἄλλους
1132 1956 1218 2042 πρὸς
1242 1958 1305 2028 ἕνα

131 2065 195 2130 τῶν
218 2061 390 2152 ὑπηρετῶν
412 2061 594 2149 Κεφάλῶνα
619 2060 674 2129 διά
703 2062 763 2153 τήν
799 2060 982 2153 συνήθειαν
1016 2060 1077 2131 οιῖκ
1102 2062 1212 2146 ἔστεξε
1234 2053 1303 2134 Hb

129 2166 231 2255 loyor
266 2169 338 2240 ἀλλ’
370 2169 530 2254 ἐπιμελῶς
558 2167 645 2260 αὑτηί
673 2168 754 2236 κατά
781 2172 841 2259 τήν
874 2169 1053 2255 ἀρρωστίαν
1079 2173 1138 2238 τοῦ
1165 2196 1303 2256 προςει-

132 2279 276 2363 ρημένου
301 2274 530 2362 συμπαρόντος
552 2282 607 2343 καί
633 2304 663 2344 τι
695 2279 758 2344 τῶν
790 2275 874 2361 πρός
895 2279 940 2365 νή
970 2281 1067 2364 τοίχῳ
1103 2277 1305 2361 πτυσμάτων

129 2371 580 2471 ἐπισημηναμένῶι-ἐία-ιμον
608 2381 758 2470 ὑπάρχον
790 2373 881 2450 εἶπειι
910 2391 1008 2452 ταῦτα
1036 2383 1209 2469 τάπίχειρα
1237 2391 1302 2475 τῆς

130 2488 253 2574 φιλίας,
277 2471 304 2554 oi
325 2476 755 2576 Κεφάλα-νζκῦομίσμεθα
777 2493 835 2581 τῆς
858 2490 940 2575 πρός
966 2494 1144 2558 Φίλιππον.

235 2598 340 2680 Capite
358 2597 433 2661 LIII
449 2607 529 2661 arcte
545 2618 610 2660 cum
627 2601 817 2664 antecedente
833 2619 961 2662 connexo
977 2601 1154 2663 Plutarchus
1170 2601 1301 2665 honores

132 2704 288 2780 describit,
312 2706 416 2787 quibus
433 2707 545 2769 Aratus
568 2716 698 2768 mortuus
721 2707 844 2769 allectus
866 2715 924 2781 est,
948 2707 997 2788 qui
1019 2708 1098 2770 locus
1113 2709 1216 2770 slmilis
1238 2709 1301 2772 illis

130 2811 262 2892 partibus
288 2812 441 2895 ePolybio
458 2813 603 2894 excerptis
622 2810 703 2876 VIII
709 2858 716 2886 ‚
743 2811 793 2876 14.
840 2813 900 2876 Clr.
925 2809 979 2878 διά
996 2809 1032 2877 τό
1056 2810 1216 2891 πολλάκις
1238 2820 1301 2904 τῆς

129 2914 233 3004 άρχής
254 2919 437 2998 τετευχέναι
459 2941 504 2978 =
527 2921 613 2982 Arat.
636 2913 673 2982 τά
696 2917 968 2984 ἑπτακαιδέκατον
992 2921 1257 3006 στρατηγοῦντος.

235 3023 294 3088 Illa
315 3025 423 3087 indicia
446 3026 475 3088 iu
500 3028 623 3107 utraque
639 3027 807 3090 narratione
831 3027 859 3087 in
882 3027 982 3088 eodem
1002 3046 1098 3092 rerum
1122 3029 1224 3090 ordine
1243 3049 1302 3092 ex·

129 3138 207 3193 stare
221 3149 311 3211 grave
325 3142 379 3195 est.
425 3130 538 3195 Deinde
554 3133 644 3195 verba
659 3143 795 3214 excerpta
809 3126 1010 3214 μεταλλάξας
1026 3129 1084 3198 τόν
1105 3134 1179 3217 βίον
1201 3129 1299 3215 ἔτυχε

127 3233 323 3326 πρεπούσης
348 3237 443 3326 τιμῆς
474 3234 563 3322 παρά
591 3239 629 3328 τή
662 3238 798 3321 πατρίδε
824 3235 878 3302 καὶ
909 3225 999 3321 παρά
1025 3239 1069 3324 τῶ
1098 3241 1198 3326 κοινή
1230 3247 1297 3306 τῶν

124 3337 270 3424 Ἀχαιῶν
299 3346 418 3409 omuino
447 3345 621 3409 conveniunt
647 3356 802 3408 accuratae
830 3346 1018 3428 descriptioni
1046 3346 1207 3423 PlutarohI,
1237 3370 1297 3430 qua

131 3452 273 3532 quomodo
296 3452 410 3515 Achaei
432 3474 496 3516 curn
521 3452 666 3536 Sicyoniis
691 3452 848 3515 honoribus
877 3454 1033 3515 afferendis
1056 3455 1296 3532 concertaverint,

131 3558 300 3621 ostenditur.
346 3559 499 3623 Facillime
522 3567 621 3622 autem
644 3569 732 3640 atque
754 3559 959 3622 verisimillime
982 3559 1152 3622 affinitatem
1176 3561 1294 3624 illarum

130 3663 303 3728 relationum
325 3666 507 3730 declaramus
531 3667 659 3730 dicentes
683 3665 772 3727 etiam
797 3668 851 3728 hoo
873 3667 1024 3729 Plutarchi
1047 3667 1141 3747 capite
1164 3688 1219 3730 non
1245 3688 1294 3729 re-

130 3773 198 3834 lerri
226 3773 282 3834 nisi
312 3773 507 3836 narrationem
530 3773 647 3856 Polybii
676 3781 765 3853 atque
792 3774 1015 3853 diligentiorem,
1042 3793 1130 3854 quam
1152 3775 1203 3837 illa
1224 3776 1294 3837 bre-

129 3878 249 3942 vissima
271 3888 412 3960 excerpta
434 3878 528 3954 VIH,
559 3877 599 3941 14
627 3881 689 3962 (cfr.
717 3876 987 3967 ἐψηφίσαντο...
1012 3875 1199 3967 συλλήβδην
1228 3874 1293 3948 ὅσα

130 3979 213 4068 πρός
235 3987 366 4051 αιῶνιον
388 3979 505 4073 ἀνήκει
526 3981 685 4074 μνήμην.)

238 4093 410 4156 Extremum
443 4102 531 4175 caput
561 4114 580 4156 a
611 4091 709 4155 verbis
738 4076 782 4158 ῶν
812 4087 857 4156 ἔτι
885 4090 1037 4173 δείγματα
1064 4100 1094 4155 et
1120 4094 1212 4156 verba
1239 4090 1294 4159 καὶ
