2856 4574
655 176 877 244 „30-

182 365 264 452 μετοῖ
273 369 337 436 τοῖν
349 364 462 437 ὅπλων
487 369 608 437 rieden
631 372 677 450 εἷς
699 367 821 456 α’γοράν
838 373 1021 457 προελθεῖν
1036 370 1224 463 ἐκπλήξεως
1239 374 1352 452 εἵνεκα

182 477 236 542 καὶ
257 463 473 562 φόβον-προς
494 475 570 556 τούς
593 476 867 566 ἀντιπράττοντας
895 463 1066 546 afficto
1095 478 1173 559 τούς
1193 480 1351 567 ἒπιφανεὲ

183 580 320 661 στάτοος
327 578 550 667 Ἕρμιππος’
528 586 714 673 ανέγραψεν
727 633 867 652 .......
879 583 1065 673 αρχομένης
1081 585 1118 652 δὲ
1132 596 1189 676 τῆς
1204 591 1352 678 ταραχῆς

183 685 356 774 ὁβασιλεος
376 691 542 774 Χαρίλαος
564 689 778 780 φοβηθείς(
752 715 796 769 ως
818 685 870 758 ἐ’π
891 688 991 759 αντόν
1013 688 1095 783 ὅλης
1115 696 1176 782 τῆς
1198 693 1352 778 πράξεως

182 801 419 886 συνισταμένης
449 799 609 882 κατέφυγε
640 797 723 883 πρὸς
750 796 955 899 ctio——
839 799 1049 864 Χαλκίοικον.
1096 801 1162 865 εἶτα
1195 801 1351 876 πεισθεὶς

181 903 235 968 καὶ
256 898 405 988 lutumst
385 926 518 990 ορκοος,
541 903 661 994 α’νέστη
685 904 739 971 καὶ
759 911 890 988 μετεῖχε
912 909 976 971 ταῖν
997 908 1228 989 τραπομένων
1248 904 1352 991 φύσει

179 1033 287 1098 πρᾳος
309 1004 364 1075 νῖν.

286 1116 371 1189 Quod
393 1119 495 1201 Plirgel
518 1118 537 1182 l.
553 1118 572 1182 l.
592 1139 621 1199 p.
647 1115 689 1184 25
712 1122 871 1197 concludit,
901 1119 1106 1195 Plutarchum,
1135 1122 1213 1184 siin
1239 1120 1351 1196 „Cleo-

180 1230 284 1288 meue“
310 1225 479 1309 Phylarcho
501 1247 571 1290 usus
599 1236 690 1302 esset,
717 1228 807 1291 etiam
835 1229 865 1291 in
892 1228 1063 1312 „Lycurgo“
1089 1228 1209 1289 eundem
1237 1229 1350 1291 iontem

180 1341 310 1394 secutum
338 1351 415 1408 esse,
442 1333 514 1396 mihi
540 1353 597 1397 non
624 1335 807 1414 probandum
835 1334 950 1397 videtur
976 1353 1041 1395 esse
1072 1343 1241 1414 propterea,
1268 1337 1349 1416 quod

179 1439 341 1502 sententiae
363 1447 560 1504 concertanms
584 1441 663 1522 apud
685 1441 887 1525 Phylarchnm
910 1441 940 1503 in
963 1439 1108 1514 oratione,
1135 1461 1155 1501 a
1178 1440 1348 1516 Cleomene,

178 1553 213 1608 ut
229 1566 261 1608 se
276 1547 440 1609 defenderet
461 1548 579 1646 habita,
596 1548 796 1623 inveniuntur,
820 1566 895 1629 quae
909 1555 942 1609 ut
957 1547 1105 1626 copiosam
1122 1547 1347 1627 descriptionem

177 1654 290 1716 reditus
301 1648 426 1735 Lycurgi
440 1654 561 1734 ejusque
576 1654 808 1737 praeparationis
821 1655 860 1717 ad
871 1672 934 1715 rem
946 1651 1091 1733 publicam
1104 1655 1347 1716 commutandum

179 1761 349 1835 contineret,
376 1760 437 1823 lieri
465 1773 521 1823 uon
547 1763 652 1842 potuit.
697 1760 772 1824 Mihi
794 1761 911 1842 quidem
940 1759 1096 1839 descriptio
1123 1759 1231 1840 capitis
1253 1760 1348 1841 quinti

178 1867 305 1950 Lycurgi
337 1885 428 1948 usque
460 1867 500 1929 ad
528 1870 620 1930 verba
647 1863 700 1931 aui
726 1866 852 1950 λέγεται
880 1859 1162 1947 σομβασιλεύοντα
1189 1866 1227 1927 ad
1254 1885 1346 1928 nuum

178 1975 287 2036 iontem
309 1973 475 2037 revocanda
496 1974 611 2036 videtur
632 1994 706 2038 esse
750 1971 819 2044 Quo
849 1974 911 2037 loeo
934 1971 1113 2052 Hermippus
1141 1991 1160 2033 a
1183 1971 1345 2035 Plutarcho

178 2087 307 2157 vocatur,
330 2079 509 2160 intelligitur,
530 2081 654 2144 eundem
668 2080 813 2144 uberrime
827 2082 864 2144 de
879 2079 937 2142 illis
956 2079 1052 2153 rebus,
1076 2097 1150 2158 quas
1165 2078 1341 2144 Plutarchus

177 2187 332 2250 memoriae
353 2187 493 2269 prodidit,
519 2188 622 2268 egisse.
669 2188 744 2274 (Clr.
760 2171 814 2255 ’ὧν
839 2186 944 2253 εἴκοσι
966 2181 1043 2261 τούς
1064 2181 1342 2268 ἑπιφανὲστοῖτονς

177 2287 369 2375 Ἕρμιππος
395 2287 606 2382 ἀνέγραψεν).
650 2296 749 2378 Atque
782 2295 974 2359 Plutarchum
1008 2301 1038 2356 et
1070 2293 1098 2355 in
1126 2293 1253 2374 Lycurgi
1281 2295 1344 2357 vita

177 2410 207 2463 et
229 2402 256 2464 in
279 2401 345 2465 aliis
368 2421 451 2464 usum
474 2422 539 2465 esse
562 2404 725 2484 Hermippo
749 2411 876 2478 constat,
902 2402 951 2484 qui
973 2400 1141 2464 nominatur
1162 2402 1191 2462 in
1215 2402 1342 2483 Lycurg.

177 2527 201 2570 c.
222 2506 255 2568 V
276 2517 306 2570 et
327 2505 440 2571 XXIH
466 2510 495 2571 in
523 2508 622 2574 solon.
648 2530 674 2576 c.
697 2507 754 2572 VI.
782 2507 838 2573 XL
859 2507 893 2570 H
920 2509 948 2570 in
971 2506 1122 2571 Alexand.
1151 2527 1175 2569 c.
1200 2506 1275 2570 LIII
1314 2509 1343 2570 in

177 2615 321 2677 Demosth
360 2635 382 2677 c
408 2613 465 2680 XI.
493 2613 598 2680 XXX.
627 2612 741 2680 LVIII.
788 2616 945 2678 Praeterea
972 2616 1103 2676 conferas
1127 2614 1279 2678 Demosth.
1310 2613 1343 2676 V

177 2744 219 2783 =
242 2721 350 2784 Miller
371 2724 423 2802 lrg.
447 2719 488 2784 61
514 2720 575 2802 (III
596 2742 624 2804 p.
646 2722 703 2808 50)
727 2730 756 2785 et
779 2721 871 2786 Solon
893 2719 926 2783 V
948 2743 991 2781 =
1013 2722 1067 2800 lrg.
1093 2717 1132 2782 17
1159 2719 1218 2800 (ΠΙ
1234 2740 1263 2801 p.
1279 2717 1340 2802 40)

176 2827 262 2900 Quae
284 2848 348 2892 cum
372 2828 415 2890 ita
437 2828 509 2904 sint,
529 2830 610 2893 illam
634 2840 746 2913 partem
770 2828 894 2912 Lycurgi
916 2828 994 2890 vitae
1016 2827 1054 2889 ad
1072 2827 1267 2907 Hermippum
1292 2847 1340 2890 re-

175 2935 258 3010 ferri,
291 2935 460 2997 facillimum
487 2936 672 3020 maximeque
695 2937 850 3001 verisimile
883 2944 936 2999 est.
982 2933 1069 3006 Quod
1104 2953 1136 2996 se
1169 2934 1340 3014 contingunt

176 3041 287 3105 Cleom.
310 3036 344 3104 X
366 3048 397 3103 et
418 3042 543 3124 Lycurg.
559 3041 600 3118 V,
623 3043 781 3127 Phylarchi
802 3043 976 3107 relationem
994 3059 1060 3103 cum
1077 3040 1227 3120 Hermippi
1242 3059 1339 3122 quan-

176 3151 247 3211 dam
270 3147 469 3229 cognationem
484 3148 611 3225 habere,
631 3151 820 3231 judicandum
835 3158 895 3224 cst,
918 3149 972 3211 uisi
988 3145 1177 3209 Plutarchum
1193 3145 1336 3208 advitam

176 3255 301 3338 Lycurgi
327 3254 390 3334 jam
417 3262 508 3317 antea
535 3257 672 3338 scriptam
702 3257 828 3338 (Oleum.
855 3252 934 3340 XII)
968 3253 1087 3316 rediisse
1121 3253 1335 3334 orationemque

176 3361 341 3427 Cleomenis
365 3361 402 3423 ad
425 3362 579 3426 arbitrium
603 3383 688 3427 suum
710 3362 903 3443 supplevisse,
925 3361 1110 3424 sentiremus.

282 3470 386 3530 Partes
408 3470 528 3532 taudem
551 3471 609 3550 Ag.
632 3468 665 3532 V
688 3477 718 3531 et
740 3468 852 3532 (ileum.
871 3463 904 3531 X
926 3477 957 3530 et
979 3467 1055 3529 inter
1076 3485 1108 3528 se
1130 3464 1284 3527 cohaerent
1305 3469 1338 3524 et

176 3575 300 3656 Lycurg.
325 3585 415 3655 eaput
436 3574 517 3639 VIH
540 3578 720 3657 contingunt.
768 3575 911 3698 cognatio
934 3583 1034 3637 autem
1057 3571 1105 3634 vel
1128 3572 1230 3633 eodem
1250 3570 1340 3632 modo

175 3780 258 3853 ὥστε
266 3789 446 3913 XQ
472 3810 530 3853 τον
555 3788 692 3873 βασιλέα
719 3782 930 3869 Χάριλλσνέ
930 3784 968 3850 πὶ
992 3788 1104 3869 βωμον
1133 3782 1341 3866 καταφαγεῖν.

176 3890 276 3960 ἀλλ”
259 3898 389 3959 εκεῖνον
405 3916 467 3978 μεν
490 3886 569 3960 ὄντα
590 3891 734 3983 χρηστόν
757 3917 810 3959 και
800 3889 1020 3977 φιλόπατριν
1035 3886 1115 3970 ταχύ
1130 3913 1173 3953 τοι
1159 3884 1341 3970 Λυκούρ-

174 4023 220 4087 γῳ
250 4001 313 4067 τοῖν
345 4001 572 4083 πραττομένων
594 4002 771 4084 μετασχεῖν
800 3998 855 4064 καὶ
880 4021 940 4086 την
966 3992 1151 4084 μεταβολήν
1179 3995 1341 4076 δέξασθαι

175 4110 233 4197 τῆς
256 4109 432 4183 πολιτείας.
