2856 4574
570 188 827 254 .-27..

348 382 436 445 Arat.
459 381 660 448 XXXVII'
643 406 680 450 er
702 384 790 469 με’σιρ
818 378 924 466 λαβών
949 379 1152 464 χαράδραν’
1136 384 1297 468 επέστησε

347 485 401 552 καὶ
423 485 626 556 κατεκώλυσε
642 490 794 576 διαβῆναι
807 484 884 566 τους
900 486 1036 567 ὁπλίτας
1052 486 1110 554 ὅδὲ
1124 487 1298 576 Λυδιάδης

346 590 538 663 ἀνεκαλεῖτο
562 591 637 674 τούς
652 597 826 673 ἱππεῖς...
839 591 936 662 ,ὑπο
929 593 1067 725 θυμοῦ
1081 591 1118 661 δε
1133 618 1186 661 και
1176 594 1298 680 φιλυ-

347 702 454 784 τιμίας
485 700 682 828 ἀταμιεύτως
715 701 937 778 ἐπισπασθεὶς
972 701 1016 779 εἰς
1048 703 1150 785 χωρία
1181 699 1298 767 σκολιοὶ

346 804 400 872 καὶ
420 804 524 889 μεστὰ
546 810 689 894 δένδρων
711 810 964 894 πεφυτευμένων
986 807 1040 874 καὶ
1060 806 1191 892 τάφρων
1213 809 1297 874 πλα-

345 915 488 980 τειῶν..
505 913 705 980 ..ἐπεπεσε
728 911 928 997 λαμπρῶς
906 912 1149 997 αγωνισάμενος
1164 964 1296 982 ......

346 1042 377 1085 υι
399 1019 429 1085 δ’
446 1014 541 1087 ἄλλοι
564 1043 741 1106 φευγσντες
764 1017 846 1087 ὅλον
868 1018 905 1087 cd
925 1018 1105 1104 στράτευμα
1126 1019 1185 1111 τής
1199 1016 1297 1110 ἥττης

345 1122 543 1214 ἐνέπλησαν.

222 1231 256 1295 Ιυ
285 1232 375 1296 Arati
403 1235 498 1316 capite
526 1234 713 1300 XXXVI
701 1257 764 1318 μευ
795 1236 958 1318 complures
984 1256 1091 1300 causae
1117 1237 1296 1317 praemissae

131 1349 230 1413 erant,
255 1340 360 1422 quibus
379 1341 507 1417 Aratus,
530 1353 563 1405 nt
585 1350 748 1418 recusaret,
771 1361 808 1406 ne
827 1342 966 1423 proelium
985 1344 1191 1418 committeret,
1214 1363 1296 1406 com-

128 1449 315 1513 movebatur.
361 1449 408 1510 Ex
427 1450 643 1512 commentariis
661 1469 783 1512 causam
802 1450 1002 1523 sufficientem,
1025 1469 1061 1511 ex
1080 1470 1146 1531 qna,
1169 1451 1296 1512 Aratum

129 1554 371 1625 Lacedaemoniis
397 1555 543 1636 disparem
572 1556 662 1637 copiis
693 1555 798 1631 luisse,
826 1558 1029 1636 cognoscitur,
1057 1556 1196 1618 haustam
1223 1577 1296 1631 esse,

131 1670 280 1742 potamus.
325 1663 373 1725 Ex
395 1660 441 1724 his
464 1663 560 1725 verbis
584 1654 658 1726 οὔτε
681 1655 786 1737 ἄλλως
801 1657 884 1745 πρός
900 1658 958 1737 τὰς
972 1656 1053 1727 κατὰ
1068 1658 1175 1742 στόμα
1188 1659 1295 1743 μάχας

134 1746 172 1832 εὖ
186 1763 341 1851 πεφυκώς
357 1757 530 1850 ὁἌρατος
548 1769 675 1831 eandem
693 1767 856 1849 opinionem
875 1770 913 1831 de
931 1768 1058 1832 mirabili
1076 1779 1183 1833 natura
1199 1769 1295 1843 Arati,

133 1894 221 1957 qnam
244 1894 311 1939 cnm
332 1874 462 1956 pluribus
486 1874 555 1937 locis
578 1883 640 1936 tum
667 1873 697 1937 in
726 1875 821 1955 eapite
843 1873 969 1950 XXIX,
995 1876 1136 1939 videmus.
1183 1876 1295 1939 Ultimo

130 1983 196 2045 loco
218 1983 292 2045 data
318 2001 407 2045 causo
435 2001 473 2042 ea
499 1981 673 2044 adversariis
696 1981 786 2045 Arati
812 1982 927 2046 initium
956 1981 1045 2063 cepit,
1073 2002 1146 2062 quae
1168 1984 1296 2047 Aratum

126 2089 239 2153 invidia
261 2097 352 2169 atque
375 2072 590 2150 obtrectatione
613 2088 740 2150 maxime
763 2098 940 2152 commotum
962 2097 1048 2152 caute
1070 2090 1191 2170 gloriam
1213 2111 1295 2153 snam

128 2214 263 2260 servasse
291 2201 322 2256 et
349 2193 498 2256 Cleomeni
528 2212 642 2258 omnem
675 2194 784 2275 gloriae
811 2203 900 2277 atquc
927 2196 1111 2258 auctoritatis
1138 2197 1294 2260 concilian-

130 2303 239 2364 darum
260 2299 427 2363 incdtatem
454 2301 606 2382 eripuisse,
635 2301 758 2376 indicat,
785 2320 859 2382 quae
887 2302 1064 2383 opinionon
1087 2303 1297 2386 minusaequa

133 2416 181 2469 est
203 2390 358 2483 Cleomeni,
381 2426 467 2488 qnam
491 2407 592 2490 iniqua
616 2407 725 2482 Arato,
749 2428 838 2490 quarn
860 2409 899 2471 ob
921 2429 982 2472 rem
1005 2427 1072 2471 earn
1087 2429 1106 2471 a
1121 2409 1294 2492 Phylarcho,

132 2514 183 2597 qni
205 2502 295 2576 etiam
317 2513 384 2576 aliis
406 2513 477 2576 locis
499 2515 615 2577 easdem
631 2534 737 2578 causas
752 2515 846 2578 Arato
871 2515 1009 2579 adscribit
1026 2515 1142 2596 (Clecm
1156 2514 1246 2591 XVI,
1263 2515 1296 2600 1)

129 2624 304 2685 demanasse
326 2620 513 2701 conjiciamus
536 2621 613 2685 licet.
660 2619 826 2702 Descriptio
848 2630 946 2685 autem
969 2641 1084 2703 pugnae
1099 2614 1197 2704 ¹ipsius
1219 2624 1296 2686 Arat
1324 2685 1327 2691 .

126 2726 291 2794 XXXVII
301 2748 344 2787 =
356 2727 457 2791 Cleom
472 2727 520 2790 VI
535 2729 574 2790 ad
588 2727 809 2790 commentarios
824 2748 879 2791 non
895 2730 1057 2792 revocanda
1072 2738 1118 2792 est
1132 2737 1296 2811 propterea,

128 2837 208 2919 qnod
223 2835 372 2918 Lydiades
394 2854 511 2896 summa
532 2835 620 2898 lande
643 2834 760 2896 effertur
772 2833 886 2898 Aratus
900 2836 1094 2916 vituperatur.
1140 2836 1225 2899 Klatt
1240 2836 1258 2899 l.
1276 2837 1294 2899 l.

127 2943 210 3006 illam
235 2941 449 3004 enarrationem
473 2943 511 3004 ad
534 2940 732 3023 Phylarchum
758 2947 887 3004 revocat.
932 2943 1073 3024 Equidem
1097 2943 1294 3025 Phylarchum

127 3047 310 3131 Lydiadem,
346 3047 397 3128 qui
424 3048 572 3112 Cleomeni
600 3047 817 3110 inimicissimus
841 3053 918 3122 erat,
943 3055 1095 3130 tantopere
1121 3048 1296 3124 laudavisse,

128 3155 246 3217 credere
268 3172 325 3215 non
344 3173 475 3234 possum.
521 3155 589 3217 Huc
605 3154 732 3229 accedit,
753 3153 830 3236 quod
849 3153 1002 3216 Plutarchi
1018 3155 1123 3218 indicia
1140 3174 1176 3216 ex
1194 3156 1297 3218 castris

128 3262 316 3325 Achaeorum
340 3263 487 3340 proiectae
509 3268 592 3336 sunt,
616 3281 704 3343 quum
726 3259 822 3322 nullae
841 3278 888 3322 res
910 3259 1074 3322 accuratius
1096 3261 1295 3336 observentur,

128 3367 186 3430 nisi
205 3365 403 3430 Achaeorum.
450 3368 611 3450 Phylarchi
629 3375 729 3430 autern
747 3367 841 3429 nuntii
864 3386 902 3428 ex
919 3366 1023 3428 castris
1042 3366 1206 3430 Cleomenis
1224 3387 1294 3450 pro-

129 3473 303 3536 ficiscuntur.
351 3471 449 3543 Quam
474 3475 575 3536 obrem
598 3482 713 3555 partem
736 3480 866 3536 nostram
889 3474 928 3535 ad
951 3473 1060 3536 sontem
1083 3473 1163 3536 illurn
1183 3475 1245 3554 jam
1267 3475 1296 3537 in

133 3579 230 3660 capite
251 3577 349 3644 XXX
372 3581 412 3642 ad
430 3581 572 3662 Lydiadis
595 3600 642 3643 res
664 3580 869 3643 describendas
891 3578 1053 3641 adhibitum
1076 3581 1206 3642 revocari
1229 3603 1295 3643 nra-

126 3686 221 3766 jcrem
250 3687 339 3748 fidem
367 3687 484 3749 videtur
511 3686 629 3750 habere.
654 3723 698 3732 -
726 3687 826 3767 Atque
852 3685 956 3766 cepitis
981 3683 1158 3749 XXXVIII
1184 3687 1295 3749 initium

128 3812 220 3874 usque
245 3794 283 3854 ad
306 3812 422 3855 versum
447 3813 553 3856 nonum
577 3787 685 3856 ἐδόκει
708 3787 745 3857 δὲ
766 3788 789 3879 q‘
808 3788 869 3875 μὲν
883 3840 912 3857 ..
941 3794 978 3854 ad
1001 3793 1223 3855 commentarios
1245 3812 1294 3854 re-

128 3899 292 3960 vocandum
323 3909 381 3974 est,
411 3901 441 3963 id
465 3900 540 3982 qnod
568 3899 674 3979 partim
703 3919 719 3960 e
751 3899 870 3980 singulis
896 3899 1007 3961 indiciis
1035 3900 1192 3979 depugna
1219 3901 1297 3980 apud

129 4005 350 4068 Orchomenum
385 4007 558 4081 commissa,
591 4025 649 4086 qua
685 4006 797 4070 Aratus
825 4006 1020 4087 Megistonnm
1055 4005 1138 4081 vicit,
1175 4006 1295 4087 partim,

127 4113 206 4195 qnod
222 4112 365 4175 consentit
378 4132 442 4176 cunr
454 4113 554 4178 Cleom
564 4111 653 4190 XVI,
670 4110 687 4174 1
705 4106 832 4189 εἰωθώς
846 4109 922 4198 παρ’
935 4106 1084 4178 commta
1101 4113 1292 4200 στρατηγεῖν
