2856 4574
581 201 802 267 „15-

108 421 224 476 eorum,
253 419 327 480 qnae
350 420 369 462 a
390 399 556 482 Phylarcho
579 400 762 475 dictasunt,
789 401 865 480 quod
887 399 1102 480 comparatione
1123 400 1274 480 utriusque

115 507 267 571 relationis
295 507 512 587 comprobatur:
541 505 728 571 πανοπλίαν
754 499 875 585 ἔχουσα
898 502 951 570 καὶ
975 504 1131 588 epil-opor
1155 502 1275 584 κράνος
1325 580 1328 586 ,

109 609 132 701 ἦ
156 611 311 699 καλλίστη
341 609 395 676 καὶ
416 613 552 698 μεγίστη
577 615 641 676 ταῖν
668 612 844 693 παρθένων
877 606 945 675 dard
976 595 1275 696 τῆς-ἄκροπολεως

108 717 303 803 ancarana.
350 702 682 800 aeumssprgenrs
704 703 901 781 ido—misna
924 719 979 780 aea
1002 719 1119 781 exsistit
1134 739 1226 800 neque
1244 721 1273 782 tn

108 828 216 889 solario
244 826 347 907 templi
373 825 536 888 Artemidis
564 826 615 888 sed
643 834 711 888 aute
738 825 878 904 templum
906 825 1043 888 Athenae
1071 824 1275 906 conspicitur*

109 934 228 1013 Pugnae
247 951 316 995 vero
336 933 479 994 enarratio
499 931 620 994 similior
637 931 799 1012 expulsioni
817 931 989 996 Aetolorum
1008 951 1045 992 ex
1064 932 1182 1011 AegIra,
1201 952 1276 1013 quae

107 1041 188 1122 apud
208 1040 363 1122 Polybium
381 1036 439 1113 IV,
463 1034 506 1102 58
525 1047 635 1114 exstat,
654 1057 743 1117 quam
761 1037 912 1101 Plutarchi
932 1037 1109 1100 enarrationi
1129 1039 1274 1119 posterio-

107 1148 187 1209 ribus
205 1146 383 1226 temporibus
403 1154 468 1207 orta
487 1164 551 1207 esse
570 1145 683 1207 videtur
701 1165 793 1226 neque
811 1145 901 1207 ullum
916 1144 1010 1207 locum
1026 1144 1119 1206 habet
1133 1144 1163 1205 in
1177 1163 1273 1206 rerum

108 1262 257 1332 gestarum
282 1251 483 1333 descriptione.
531 1250 591 1314 Sed
608 1252 685 1334 quod
703 1250 878 1313 Timanthes
896 1271 1023 1333 pugnam
1042 1252 1120 1330 apud
1139 1250 1274 1313 Pellenen

109 1359 294 1421 commissam
323 1358 452 1439 pinxisse
480 1357 601 1432 dicitur,
629 1357 755 1420 alienum
784 1359 898 1420 videtur
928 1376 991 1420 esse
1019 1357 1057 1420 ab
1086 1358 1275 1420 antecedente

109 1465 249 1528 relatione
273 1473 304 1527 et
326 1465 364 1527 ad
386 1467 496 1528 iontem
517 1484 537 1526 a
555 1464 711 1526 Plutarcho
736 1465 764 1526 in
788 1485 813 1528 c.
832 1463 913 1528 XIII
931 1464 1108 1538 adhibitum,
1132 1464 1169 1526 ad
1188 1463 1275 1526 Pole-

111 1590 226 1634 monem
247 1572 439 1653 periegetam,
461 1571 656 1634 revocandum
679 1590 759 1644 esse,
782 1571 940 1634 verisimile
964 1580 1019 1633 est.
1126 1592 1129 1600 ·

218 1677 317 1758 Atque
345 1698 369 1742 e.
398 1675 543 1742 XXXIII
570 1686 600 1740 et
625 1675 769 1740 XXXIV
801 1697 861 1758 pax
888 1697 953 1740 cum
982 1677 1099 1740 Aetolis
1133 1677 1213 1739 facta
1246 1684 1275 1738 et

114 1781 195 1843 varia
232 1784 391 1847 tentamina
417 1786 504 1847 Arati
529 1784 667 1847 Athenas
694 1784 836 1846 liberandi
867 1783 905 1844 ab
938 1783 1059 1866 imperio
1088 1782 1275 1846 Macedonico

114 1887 317 1954 describuntur.
364 1891 410 1952 Ea
438 1910 483 1966 re,
511 1892 589 1972 quod
616 1909 678 1971 pax
705 1910 771 1953 curn
794 1889 912 1952 Aetolis
943 1890 1125 1953 Pantaleoue
1157 1898 1273 1951 anctore

112 1995 189 2056 facta
211 2014 275 2058 esse
306 1996 425 2070 dicitur,
455 1998 581 2060 Aratum
609 2007 709 2060 nostra
730 1966 887 2060 tradididse
910 1996 1065 2058 verisImile
1095 2004 1154 2070 est,
1182 2014 1275 2076 neque

109 2101 285 2177 errabimus,
308 2102 333 2165 si
355 2103 486 2165 notiones
508 2102 650 2184 ejusmodi
678 2105 716 2166 de
739 2102 960 2166 necessitatibus
980 2102 1066 2166 Arati
1090 2124 1106 2165 e
1127 2122 1276 2165 commen-

109 2207 194 2271 tariis
221 2209 347 2289 repetita
374 2229 437 2271 esse
463 2218 610 2291 putamus.
662 2211 760 2291 Atque
788 2210 872 2291 primi
902 2209 1029 2290 impetus
1061 2209 1275 2271 enarrationem

109 2314 205 2376 eidem
228 2314 301 2376 lenti
323 2315 547 2379 adscribendam
573 2335 636 2378 esse
653 2315 826 2378 Plutarchus
849 2316 912 2397 ipse
932 2317 1089 2396 profitetur.
1136 2313 1276 2395 Sequitur

112 2420 264 2482 Plutarchi
287 2420 377 2502 ipsius
396 2422 579 2503 judiciuma
607 2443 694 2485 versu
715 2420 780 2486 XV
803 2423 844 2485 ad
870 2443 987 2485 versum
1014 2419 1127 2505 XIX;†
1161 2422 1274 2496 deiude,

110 2545 167 2607 quo
193 2528 280 2590 modo
304 2529 416 2592 Aratus
438 2529 466 2591 in
489 2529 723 2610 expeditionibus
751 2540 853 2592 contra
880 2530 1016 2592 Athenas
1043 2529 1186 2609 susceptis
1215 2549 1275 2590 rem

110 2633 248 2712 gesserit,
290 2642 436 2698 narratur.
481 2635 566 2698 Haec
598 2655 666 2698 vero
700 2636 862 2712 cavillatio,
898 2655 973 2718 quae
1005 2636 1080 2698 inest
1111 2635 1138 2697 in
1168 2636 1278 2696 verbis:

113 2732 225 2824 ὥσπερ
251 2739 283 2804 οἱ
306 2741 483 2825 δυσέρωτες
505 2737 716 2830 ἐπιχειρήσας
738 2741 781 2806 cci
801 2744 951 2827 Πειραιεῖ
974 2737 994 2805 o‘
1021 2738 1213 2825 Ἀρανος..,
1237 2742 1275 2804 ad

112 2847 312 2931 Phylarchum
336 2856 458 2930 spectat.
483 2885 526 2895 --

218 3056 331 3127 *Apud
355 3057 520 3129 Polynacum
549 3058 672 3128 tegimus:
696 3051 865 3144 ἀπέβλεψε
888 3046 956 3118 α’πό
979 3057 1038 3141 τῆς
1065 3049 1276 3140 ἀκροπόλεως

111 3163 140 3212 et
158 3160 329 3230 paulopost:
351 3150 497 3217 Αἰτωλοὶ
519 3151 692 3240 πάρθενον
716 3151 929 3242 ὡπλισμένην
953 3151 988 3220 ἐκ
1012 3156 1071 3220 τοῦ
1097 3156 1187 3240 ἱεροῦ
1218 3156 1277 3244 τῆς

109 3247 262 3339 Ἀθηνᾶς
274 3255 511 3338 προελθοῦσαν
527 3253 661 3337 ἰδόντες.
695 3277 758 3332 Loci
770 3277 854 3347 igitur
866 3276 1050 3333 determinatio
1065 3273 1222 3343 perturbata
1233 3281 1277 3330 est

109 3361 138 3411 et
155 3355 229 3411 haud
247 3357 303 3414 scio
319 3374 355 3414 an
374 3359 403 3416 id
428 3360 527 3418 factum
553 3363 590 3418 sit
612 3379 645 3419 ea
667 3380 707 3434 re,
731 3381 811 3434 quam
830 3365 916 3436 Polyb
938 3365 994 3434 IV,
1018 3367 1053 3422 58
1075 3363 1172 3433 tradit,
1196 3370 1224 3418 et
1248 3365 1275 3418 in

109 3459 164 3512 qua
181 3461 231 3500 arx
249 3448 341 3516 magni
359 3455 403 3504 est
420 3451 556 3509 momenti.
592 3453 634 3507 De
652 3453 706 3508 situ
726 3455 808 3523 tempi
826 3453 874 3513 cfr.
893 3455 1006 3509 Pausan.
1025 3453 1096 3520 VH,
1116 3451 1160 3508 nt.

214 3535 322 3603 †Num
340 3537 473 3608 judicium
496 3540 632 3595 Plutarchi
661 3542 939 3598 verisimilitudinihns
966 3547 1070 3596 tantum
1101 3545 1211 3595 enixum
1233 3557 1276 3596 ac-

111 3620 239 3689 cipiamus
254 3623 379 3680 dubitare
392 3642 544 3695 possumus.
580 3629 664 3686 Arato
674 3635 730 3685 tam
742 3630 862 3700 iutioetc,
876 3646 955 3702 quam
968 3630 1128 3686 Plutarchus
1141 3630 1275 3701 aestimat,

111 3709 263 3782 mendacio,
284 3715 356 3782 quod
370 3715 483 3785 quisque
496 3719 615 3788 aequalis
629 3717 748 3775 refellere
760 3726 860 3788 posset,
873 3735 951 3775 usum
964 3733 1036 3788 esse,
1055 3724 1086 3773 ut
1100 3734 1129 3774 se
1139 3725 1276 3791 purgaret,

112 3797 158 3852 vix
176 3800 248 3856 credi
267 3808 368 3870 potest.
405 3805 531 3875 Accedit,
555 3806 627 3876 quod
649 3807 761 3863 Aratum
784 3808 872 3876 ipsum
894 3808 933 3863 illi
957 3808 1099 3862 incursIoui
1122 3807 1277 3864 interfuisse

111 3887 282 3946 aPlutarcho
300 3907 355 3947 non
374 3892 559 3964 confirmatur,
579 3910 666 3964 neque
678 3902 750 3951 recte
762 3897 904 3966 colligitur,
922 3896 1053 3965 ErgInum
1066 3896 1149 3965 copiis
1159 3897 1277 3951 caruisse

110 3974 146 4030 ad
163 3976 295 4046 impetum
314 3979 473 4037 faciendum.
509 3983 551 4038 Ex
570 3982 650 4039 rebus
668 3985 738 4038 enim
757 3984 793 4040 ah
810 3985 855 4041 illo
873 3985 1009 4055 praeclare
1026 3984 1100 4054 apud
1119 3984 1276 4040 Corinthum

94 4065 209 4166 ¹gostis,
229 4067 293 4135 qnin
312 4067 458 4139 majoribus
476 4071 560 4140 copiis
578 4073 767 4129 mercennariis
779 4073 814 4130 ab
826 4074 909 4129 Arato
923 4072 1075 4143 praefectus
1093 4074 1140 4144 sit,
1160 4072 1277 4130 dubitari

108 4169 156 4208 mx
174 4160 276 4223 potest.
