2856 4574
598 178 821 249 -40-

130 384 177 452 eat
194 375 543 448 inimicissimusAratc.
590 377 712 458 Singula
737 379 843 443 indicia
864 377 1046 441 consentiunt
1069 399 1132 442 cum
1155 379 1191 441 iis
1214 397 1295 459 quae

128 484 268 568 Polybius
295 482 343 561 H,
376 480 507 548 56-61
539 504 576 548 ex
603 485 774 568 Phylarcho
806 487 843 548 de
875 493 1013 565 prompta
1045 485 1159 548 refellit.
1206 483 1297 556 Quae

129 611 193 658 oum
216 592 261 654 ita
283 591 356 666 sint,
378 599 480 655 nostra
502 593 572 673 quin
588 591 781 674 ePhylarchi
802 592 944 654 relatione
966 591 1075 654 hausta
1090 591 1150 653 sint
1165 591 1297 653 dubitari

128 717 185 765 unu
207 705 314 779 potest.
351 697 506 760 Plutarchi
528 706 625 763 autem
649 697 859 761 enarrationem
884 719 939 760 non
963 699 1055 761 scluur
1079 698 1108 760 in
1123 697 1297 780 Phylarcho

128 805 271 885 positam
306 805 359 868 sed
393 805 484 871 etiam
516 804 748 871 recordationum
779 814 911 867 veterum
943 805 1182 886 propriorumque
1217 805 1297 884 cogi·

128 912 272 977 tationum
295 912 412 994 plenam
435 931 511 988 ease,
548 921 581 975 et
602 930 639 974 ex
661 911 719 974 illis
742 910 978 974 excusationibus
1001 912 1089 973 Arati
1111 931 1130 972 a
1152 929 1243 973 versu
1264 909 1299 975 X

128 1019 166 1082 ad
192 1016 258 1083 XV
284 1026 315 1080 et
338 1014 435 1084 XXV
470 1019 509 1081 ad
540 1015 638 1083 XXX
659 1026 748 1101 atque
774 1038 811 1080 ex
834 1017 891 1080 illis
915 1016 1085 1082 Simonidae
1118 1026 1148 1080 et
1174 1018 1301 1081 Homeri

128 1125 227 1193 verbis
247 1124 348 1190 allatis
371 1134 505 1208 apparet.
527 1159 571 1173 --
878 1135 880 1138 ’

231 1229 268 1297 In
292 1251 358 1314 cap.
381 1229 490 1298 XLVI
511 1231 691 1296 Plutarchus
724 1232 762 1295 ad
791 1231 900 1295 fontem
928 1229 1056 1311 priorem
1085 1231 1124 1293 ad
1147 1250 1301 1296 commen-

128 1338 221 1407 tutos
250 1339 336 1404 redit.
381 1339 531 1406 Narratur
559 1346 671 1415 autem,
701 1338 883 1417 Antigonum
911 1338 1038 1401 Aratum
1067 1338 1219 1400 beneficiis
1249 1359 1298 1403 ex-

132 1462 269 1520 ornasse,
292 1454 323 1511 ct
344 1465 411 1510 cum
434 1465 500 1515 eum
524 1446 624 1526 magni
646 1444 815 1508 aestimaret
836 1426 936 1507 virumx
953 1463 1049 1506 rerum
1072 1444 1201 1507 civilium
1222 1445 1293 1527 pai-

128 1551 289 1628 tissimum,
313 1551 484 1634 Philippum
497 1551 589 1617 filium
610 1552 650 1614 ad
673 1571 739 1614 eum
762 1551 909 1625 mississe,
931 1559 964 1614 ut
979 1551 1017 1613 ab
1040 1551 1090 1612 illc
1112 1550 1296 1632 disciplinam

133 1658 235 1741 populi
256 1658 363 1724 Graeci
386 1659 522 1724 disceret.
568 1659 669 1741 Atque
691 1657 869 1721 Plutarchus
890 1658 989 1721 addit:
1010 1659 1157 1732 Proiecto,
1184 1659 1301 1722 Aratus

130 1784 197 1835 eum
218 1765 265 1830 ita
285 1765 402 1840 docuit,
426 1773 459 1828 ut
481 1764 530 1828 hic
551 1783 669 1829 summa
683 1763 885 1826 benevolentia
907 1765 969 1844 ejus
992 1763 1097 1844 ipsius,
1119 1763 1302 1848 honestoque

129 1872 228 1937 studio
261 1871 430 1953 discipliuae
464 1871 644 1937 Graecorum
676 1872 706 1935 in
741 1870 950 1934 Macedoniam
996 1870 1113 1933 rediret.
1143 1906 1201 1939 -.
1218 1869 1300 1934 Inter

132 1997 233 2045 aarum
260 1979 356 2060 legere
381 1998 468 2060 posse
502 1978 648 2054 ridemur,
675 1978 803 2041 Aratum
831 1995 927 2039 rerum
955 1977 1144 2040 adversarum
1176 1995 1294 2041 causam

131 2104 189 2153 non
211 2085 386 2160 adduxisse,
410 2086 525 2168 quibua·
538 2084 750 2167 posterioribus
773 2083 954 2164 temporibus
970 2083 1124 2165 Philippus
1141 2081 1289 2148 Graeciam

133 2192 241 2257 affecit.
263 2227 307 2241 —-
329 2189 402 2257 Illas
423 2213 471 2256 rea
494 2201 643 2257 extremas
666 2192 769 2267 luisse,
797 2210 870 2272 quas
893 2191 1008 2255 Aratus
1030 2191 1059 2253 in
1082 2188 1294 2253 commentariis

130 2306 335 2374 enarraverat,
351 2298 594 2362 verisimillimum
611 2307 671 2374 est,
686 2299 714 2361 id
730 2298 913 2379 quodetiam
929 2297 1045 2381 Polybii
1061 2297 1232 2360 testimonia
1247 2295 1301 2358 hr-

132 2404 215 2475 m'aut
236 2403 265 2482 I,
289 2403 326 2480 3,
351 2403 369 2468 1
394 2412 425 2468 et
445 2403 510 2481 IV,
533 2404 567 2482 2,
590 2403 621 2473 l.
645 2439 689 2450 -

236 2513 336 2594 Atque
363 2512 442 2575 uitae
464 2511 632 2576 (llecmenis
660 2511 758 2592 capita
778 2507 876 2574 XXII
902 2499 941 2572 ad
964 2507 1062 2573 XXV
1084 2519 1114 2574 et
1136 2510 1305 2595 Phylarchi

136 2617 277 2683 relatione
299 2616 502 2695 lamanasse,
532 2637 569 2682 ex
592 2617 830 2699 cointelligitur,
853 2617 930 2698 quod
953 2635 1001 2678 res
1023 2617 1186 2680 familiares
1211 2617 1307 2681 (ilec-

132 2819 301 2861 nummcrum
328 2803 504 2872 posteriorum
533 2808 682 2872 temporum
709 2803 806 2874 quibua
833 2804 990 2873 inscriptum
1013 2788 1309 2878 est,31uctrs6reoa

134 2884 296 2971 Ἀχανῶν“
317 2899 474 2950 commotus.
510 2895 603 2964 Neque
620 2895 659 2950 illi
677 2893 749 2951 tituli
768 2897 869 2966 verbis,
888 2911 958 2967 quae
970 2897 1072 2952 tradita
1085 2897 1157 2963 sunt,
1177 2892 1305 2963 obstant,

131 2996 242 3052 quaer
263 2996 346 3043 eausa
367 2999 424 3044 non
440 2986 539 3058 haben,
562 2987 634 3057 qnod
651 2987 793 3043 lectionem
820 2988 1034 3043 consentientem
1057 2990 1229 3042 commutem.
1265 2984 1306 3040 Ut

133 3070 243 3129 carme
259 3073 329 3143 legit
346 3073 425 3135 Klatt
441 3076 461 3133 l.
478 3076 496 3136 l.
513 3091 540 3145 p.
558 3077 594 3133 88
611 3075 676 3145 quin
693 3077 768 3132 illurn
786 3077 912 3146 appellet.

238 3159 447 3235 *Plutarchum
479 3163 587 3221 foedera
616 3181 633 3221 a
662 3165 804 3222 Cleomene
833 3171 861 3220 ct
891 3164 1044 3222 Ptolemaeo
1070 3165 1136 3233 icta,
1170 3178 1245 3234 quac
1272 3154 1299 3215 iri

133 3264 190 3320 cap.
213 3248 299 3308 XXII
319 3262 526 3310 commemorata
548 3259 624 3323 sunt,
648 3255 676 3309 in
699 3270 770 3310 anno
793 3253 975 3309 ducentesimo
999 3253 1126 3310 vicesimo
1151 3253 1232 3309 tortio
1250 3264 1292 3319 po

133 3337 225 3394 nenda
246 3354 318 3411 ceso,
344 3341 436 3402 sentit.
473 3340 602 3414 Polybius
620 3344 661 3413 Π,
687 3345 754 3412 512
776 3343 853 3411 ponit
870 3358 903 3397 ea
920 3348 985 3397 ante
1003 3343 1132 3411 proelium
1156 3340 1228 3410 apud
1241 3338 1293 3407 Ly·

131 3440 224 3483 cacum
244 3435 364 3485 montem
386 3431 531 3487 comissum
552 3432 661 3500 227126.
699 3430 836 3486 Plutarchi
861 3430 1006 3500 descriptio
1030 3428 1112 3486 dubia
1139 3437 1191 3486 est.
1220 3423 1300 3480 Dicit

134 3533 225 3584 eumn
246 3527 327 3589 haec:
354 3521 430 3608 περὶ
450 3517 487 3588 δὲ
509 3523 569 3588 τοῦ
590 3523 798 3606 Κλεομένους
820 3514 963 3610 ἤκουσεν
991 3517 1028 3610 (ἦ
1050 3514 1304 3610 Κρατησίκλεια)

135 3635 271 3708 ὅτιτῶν
293 3639 435 3724 Ἀχαιῶν
457 3643 736 3728 προκαλουμένων
764 3635 863 3707 αὐτόν
894 3640 939 3717 εἷς
973 3635 1137 3714 διαλύσεις
1163 3638 1305 3725 φοβοῖτο

136 3745 178 3814 δι’
212 3745 342 3838 &aalma
374 3741 453 3816 ἄνευ
483 3749 693 3832 Πτολεμαίου
725 3748 932 3813 καταθέσθαι
963 3743 1020 3814 υόν
1053 3742 1227 3830 πόλεμον.
1246 3797 1253 3810 .
1272 3792 1309 3812 ..

135 3851 267 3910 Actiones
289 3851 474 3921 Achaeorum,
499 3868 569 3923 quae
586 3853 712 3910 hocloco
734 3852 917 3922 nominantur,
941 3867 995 3907 non
1017 3865 1077 3906 esse
1101 3855 1229 3919 possunt,
1254 3849 1312 3904 uisi

135 3956 196 4011 eae,
220 3955 290 4011 quac
307 3941 455 3997 Timcxeno
472 3947 594 4011 praetore
616 3941 725 3998 habitae
749 3946 813 3997 sunt
831 3943 931 4011 arelat
950 3940 1059 4005 (Oleum.
1078 3939 1132 3995 XV
1150 3945 1180 3993 et
1197 3939 1310 4008 XVII).

136 4031 204 4088 Post
220 4029 373 4087 adventum
387 4031 517 4101 Antigoni
535 4031 570 4086 dc
587 4046 654 4100 pace
670 4031 741 4086 inter
753 4029 880 4086 Achaeos
898 4035 927 4083 et
939 4028 1106 4084 Cleomenem
1123 4026 1233 4084 omnino
1252 4042 1312 4082 uon

135 4120 183 4192 ael
198 4123 315 4190 poterat.
352 4119 441 4190 Atque
460 4120 484 4176 ai
501 4119 665 4177 Grateaiclea
682 4120 742 4191 jam
760 4117 811 4176 aab
833 4118 945 4188 imperio
961 4118 1102 4174 Timcxeni
1119 4115 1313 4172 Alexandriae
