2856 4574
614 221 811 289 ,3.-

407 418 465 483 Du
489 421 621 484 ARATl
644 418 871 485 OAPlTlBUS
896 417 1014 486 1-35.

237 634 285 696 Ac
306 633 432 714 primurn
455 635 571 716 quidem
592 634 771 697 Plutarchus
795 655 840 696 res
860 633 1013 718 Sicyonias
1037 633 1174 697 describit
1198 654 1235 696 ex
1258 635 1292 697 iis

131 741 327 819 temporibus,
355 740 458 820 quibus
484 741 608 816 Clinias‚
638 750 724 822 pater
750 742 852 816 Arati,
889 740 917 802 in
945 741 1092 821 publicum
1126 741 1234 822 prodit,
1264 748 1294 802 et

133 846 244 908 diutius
266 847 294 908 in
318 846 428 909 familia
451 848 513 928 ejus
532 857 675 923 moratur,
698 848 740 910 ita
758 855 791 909 nt
809 867 889 922 eum,
913 846 961 927 qui
981 847 1145 928 diligentius
1166 847 1294 909 animum

133 953 298 1028 intenderit,
313 955 409 1033 lugere
425 973 481 1015 non
498 955 605 1034 possit,
624 974 737 1018 summo
754 955 851 1016 studio
871 954 957 1016 Arati
974 973 1039 1016 eum
1057 973 1121 1016 esse
1136 952 1293 1018 incensum.

134 1058 204 1121 Jarn
229 1079 311 1131 vero,
335 1060 413 1142 quod
429 1059 538 1123 Clinias
561 1062 681 1124 summis
704 1061 839 1124 laudibus
868 1060 995 1135 effertur,
1018 1060 1039 1121 ii
1061 1069 1173 1135 autern,
1198 1061 1246 1142 qui
1268 1060 1295 1122 ei

133 1174 349 1229 antecesserunt
367 1176 396 1229 et
415 1176 629 1243 successemnt,
653 1167 906 1230 vehementissime
925 1165 1139 1248 vituperantur,
1163 1176 1193 1229 et
1216 1167 1295 1246 quod

133 1271 271 1346 Sosonis,
295 1293 314 1335 a
336 1292 395 1355 qua
417 1273 528 1337 Aratus
551 1274 720 1336 Abantidae
746 1283 862 1354 ereptus
885 1281 960 1348 erat,
987 1273 1094 1335 mentio
1117 1274 1163 1348 fit,
1185 1281 1215 1335 et
1238 1293 1296 1353 qua

131 1380 305 1442 necessitate
322 1379 373 1442 illa
396 1400 460 1442 cum
479 1380 575 1443 Clinia
597 1383 750 1463 conjuncta
771 1380 875 1455 luerit,
900 1380 1065 1442 accuratius
1085 1379 1233 1454 delinitur,
1256 1379 1296 1441 ab

132 1505 166 1546 eo
192 1487 334 1566 scriptum
357 1507 434 1561 esse,
458 1488 506 1569 qui
529 1506 586 1549 non
609 1488 693 1568 louge
716 1488 819 1551 afuerit
848 1488 886 1549 ab
906 1486 1004 1548 Arato
1034 1495 1064 1547 et
1081 1486 1214 1566 partibus
1234 1486 1297 1566 ejus

131 1593 276 1669 iacuerit,
305 1603 435 1675 apparet.
483 1590 596 1664 Quodsi
624 1593 730 1656 infesta
758 1594 879 1656 consilia
902 1594 992 1657 Arati
1016 1593 1044 1656 in
1069 1592 1224 1674 Sicyonem
1257 1592 1296 1654 ab

135 1699 255 1778 indiguo
289 1701 410 1781 imperio
443 1700 570 1762 Nicoclis
604 1704 732 1781 prolecta
765 1702 911 1776 dicontur,
950 1701 1005 1762 hoc
1038 1701 1131 1761 eidem
1162 1699 1297 1779 scriptori

134 1806 317 1868 tribuendum
341 1826 407 1869 essc
428 1817 513 1887 puto,
536 1826 622 1887 quern
646 1807 809 1870 accuratius
832 1826 1051 1887 cognoscemuS,
1075 1805 1100 1868 si
1123 1826 1185 1886 cap.
1210 1802 1298 1868 4-9

135 1912 284 1992 diligenter
306 1914 482 1992 perscrutati
505 1914 627 1989 erimus,
652 1913 773 1994 quibus,
797 1915 942 1996 quomodo
959 1912 1066 1995 Sicyon
1090 1931 1230 1994 oppressa
1252 1912 1300 1987 sit,

133 2029 296 2083 enarratur.
342 2021 444 2102 Neque
468 2019 543 2081 enim
568 2021 705 2083 dubitare
728 2039 896 2100 possumus,
915 2022 985 2103 quin
1006 2039 1056 2094 ea,
1079 2040 1144 2081 cum
1168 2028 1197 2081 et
1211 2038 1299 2099 prae-

133 2127 247 2205 paratio
276 2135 306 2188 et
332 2128 468 2208 perfectio
495 2128 561 2208 ipsa
587 2128 628 2189 rei
657 2127 874 2189 accuratissime
901 2127 1064 2207 descriptae
1094 2126 1167 2202 siut,
1195 2130 1233 2188 ab
1262 2145 1296 2188 eo

135 2232 240 2295 litteris
264 2234 406 2296 mandata
429 2234 504 2309 sint,
533 2234 581 2314 qui
610 2243 701 2296 totam
729 2253 790 2295 reur
816 2233 1076 2295 administraverit.
1123 2233 1202 2296 Nam
1225 2252 1299 2314 quo-

134 2341 219 2400 modo
254 2340 367 2403 Aratus
399 2361 458 2402 reru
492 2340 665 2415 instituerit,
697 2360 770 2421 quae
798 2340 861 2401 fieri
892 2340 1013 2418 jusserit
1044 2341 1080 2401 de
1106 2340 1195 2402 muris
1226 2360 1296 2421 per-

134 2446 284 2526 quirendis
300 2445 380 2532 (cap.
399 2446 442 2528 5),
461 2447 498 2507 de
514 2446 601 2508 scalis
616 2447 752 2508 iaciendis
765 2448 800 2527 (c.
815 2447 858 2528 6),
875 2448 910 2508 de
922 2445 1063 2508 militibus
1079 2447 1300 2519 conscribendis,

138 2553 173 2614 de
199 2555 289 2617 armis
313 2553 494 2616 arcessendis
518 2553 595 2634 (cap.
619 2553 669 2634 6),
695 2553 816 2634 denique
840 2553 984 2634 quomodo
1007 2551 1115 2614 mihtes
1133 2572 1170 2614 ex
1188 2552 1298 2615 latratu

134 2679 237 2722 canum
262 2660 484 2722 extimescentes
506 2660 688 2722 adhortatus.
703 2660 759 2732 sit,
791 2680 920 2741 quaeque
949 2658 983 2720 iis
1011 2659 1187 2738 promiserit,
1213 2678 1298 2722 nemo

134 2768 188 2828 nisi
219 2766 335 2828 Aratus
364 2766 429 2847 ipse
456 2775 518 2829 tam
547 2776 682 2829 accurate
710 2785 831 2828 narrare
859 2766 964 2847 potuit.
1010 2764 1080 2827 Jam
1105 2785 1188 2840 vero,
1221 2767 1298 2846 quod

135 2873 283 2948 homines,
306 2873 354 2953 qui
377 2881 461 2934 erant
483 2874 560 2935 haud
584 2873 682 2952 magni
704 2875 843 2935 momenti
866 2874 903 2935 ad
927 2891 988 2934 rern
1006 2871 1224 2953 perficiendam,
1246 2872 1299 2934 sed

137 2979 200 3058 qui,
230 2987 263 3040 ut
291 2989 374 3041 erant
401 2980 473 3042 socii
501 2981 601 3055 Arati,
630 2981 697 3042 huic
725 2980 803 3042 cordi
830 2987 928 3054 erant,
960 2980 1158 3052 nominantur,
1195 2978 1300 3041 deinde

138 3086 214 3166 quod
238 3085 367 3148 Seuthes
401 3094 431 3148 et
458 3087 610 3161 Temnon,
640 3086 717 3148 servi
740 3085 842 3159 Arati,
870 3094 1145 3160 commemorantur,
1174 3084 1298 3165 denique

136 3192 213 3272 quod
241 3191 384 3254 neminem
411 3193 440 3255 in
469 3212 500 3254 re
526 3193 698 3272 perficienda
731 3192 914 3255 interiectum
948 3203 1001 3256 aut
1034 3192 1200 3255 sauciatum
1234 3210 1300 3254 esse

135 3299 240 3361 iterum
273 3319 307 3361 ac
334 3300 452 3381 saepius
483 3302 558 3382 (cap.
587 3301 607 3365 8
636 3308 666 3362 et
694 3297 727 3386 9)
760 3300 878 3375 dicitur,
906 3299 981 3362 hanc
1008 3298 1231 3380 descriptionem
1259 3301 1299 3362 ad

138 3408 266 3469 Aratum
290 3408 386 3489 ipsum
410 3409 609 3486 revocandum
632 3426 696 3469 esse
718 3415 800 3488 puto.
845 3405 877 3469 Is
899 3407 974 3469 enim
997 3406 1063 3486 plns
1085 3405 1204 3484 triginta
1219 3406 1300 3469 libris

139 3514 411 3577 commentariorum
433 3515 602 3596 scripserat,
624 3514 730 3596 quibus
752 3533 798 3576 res
820 3514 859 3576 ab
882 3512 946 3593 ipso
964 3521 1047 3592 gesta
1063 3511 1298 3580 continebantur.

139 3618 256 3704 (Polyb.
279 3620 335 3709 Πχ
346 3621 405 3697 40,
433 3621 454 3684 4
478 3621 585 3684 Miller
607 3622 655 3682 Fr.
680 3621 751 3684 hist.
777 3619 884 3682 Graec.
907 3617 965 3682 ΠΙ.
989 3638 1019 3699 p.
1043 3617 1112 3698 21);
1139 3619 1175 3681 iis
1202 3629 1299 3683 autem

141 3729 353 3791 commentariis
376 3729 566 3791 Plutarchum
594 3727 623 3789 in
652 3727 720 3790 vitis
742 3735 771 3788 et
794 3727 896 3807 Agidis
920 3736 950 3788 et
972 3726 1059 3788 Arati
1082 3733 1113 3787 ct
1133 3724 1299 3791 Cleomenis

140 3853 222 3896 usum
244 3854 310 3896 esse
334 3844 449 3898 constat
471 3833 535 3919 (cir.
556 3835 613 3913 Ag.
640 3831 680 3897 15
703 3834 813 3897 Cleom.
840 3831 882 3896 19
898 3832 985 3895 Arat.
1011 3829 1053 3894 32
1075 3841 1106 3894 et
1123 3829 1189 3916 39).
1237 3831 1296 3894 Sed

140 3959 196 4002 non
219 3941 257 4003 ad
280 3942 504 4005 commentarios
527 3941 604 4004 solos
627 3961 662 4003 ea
682 3961 765 4021 pars,
788 3941 824 4002 de
844 3960 902 4021 qua
925 3939 1010 4001 modo
1034 3937 1109 4011 dixi,
1133 3939 1304 4003 reuocanda

139 4054 199 4124 est3
221 4068 288 4111 nam
312 4050 351 4111 ad
376 4058 465 4130 caput
487 4049 605 4111 tertium
630 4048 704 4110 alius
724 4048 838 4129 quidem
856 4049 920 4109 lons
934 4066 953 4108 a
969 4045 1129 4108 Plutarcho
1152 4043 1301 4106 adhibitus

140 4162 171 4218 ct
197 4175 261 4218 curn
290 4156 507 4219 commentariis
535 4157 703 4239 coujunctos
732 4163 786 4219 cst.
832 4153 879 4218 Ibi
914 4153 993 4216 enirn
1025 4170 1130 4212 rerum
1156 4151 1333 4208 esssxss'xs-

1117 4262 1157 4317 x*
