2856 4574
610 186 830 251 ...14-

139 383 804 462 Quansdremdmtontssadhsoaisunu
830 383 1307 471 idquodlntlcapparet,qnod

140 492 319 559 Plutarchus
341 491 553 555 enarrationem
568 490 658 553 Arati
682 489 780 564 alteri,
802 491 885 570 cujus
907 499 1058 554 auctorem
1080 512 1138 555 non
1160 496 1307 571 nominat,

138 601 258 684 opponit
284 598 334 662 etr.
350 594 491 674 XXXII,
515 596 557 660 10
572 589 714 679 Ἀρατος
733 589 831 661 οὐδὲν
845 592 995 662 τοιοίτον
1010 593 1047 661 ἒν
1061 600 1133 673 τοῖς
1147 594 1305 689 ὖπομνή·

136 724 218 790 μασι
239 704 359 792 είρηιιε.

244 810 330 883 Quae
362 830 431 875 vero
462 830 480 874 e
513 810 729 873 commentariis
762 809 889 890 repetita
924 818 1008 884 aunt,
1042 810 1112 872 inde
1146 813 1305 892 incipiunt:

141 914 351 1006 τρεψόμενος
372 912 448 993 τούς
470 910 666 992 Αίτωλοιίς..
706 917 787 979 Ilaec
808 925 905 978 autem
927 917 1020 978 verba
1041 937 1107 979 cnm
1129 918 1203 993 illis,
1226 940 1305 1001 quae

140 1046 156 1089 c
176 1022 300 1101 XXXI,
323 1021 365 1086 15
386 1023 585 1087 inveniuntur:
603 1016 674 1087 ἀλλ’
688 1015 791 1098 αὖθίς
806 1014 940 1109 ὥρμησε
953 1018 1035 1102 μετα
1050 1045 1115 1087 των
1128 1021 1304 1108 παρόντων

140 1129 193 1198 brt
210 1126 287 1208 τούς
304 1129 484 1213 πολεμίους
500 1125 536 1195 ίν
554 1129 598 1215 τῷ
620 1130 750 1213 κρατεῖν
764 1122 1028 1204 ἀσθενεστάτους
1046 1127 1079 1193 δῖ
1097 1127 1231 1210 ἀταξίαν
1250 1133 1306 1198 καὶ

140 1231 232 1324 ὕβριν
255 1229 364 1314 ὄντας,
387 1237 551 1301 arctissime
573 1235 740 1312 cohaerent,
762 1244 795 1298 ut
817 1234 952 1297 dubitare
974 1255 1030 1298 non
1049 1238 1209 1318 possimus,
1233 1242 1304 1322 quin

142 1345 230 1411 Arati
254 1344 482 1420 enarrationem,
510 1361 585 1426 quae
612 1342 652 1405 ibi
675 1361 788 1426 quoque
815 1342 899 1404 luclle
921 1344 1116 1422 cognoscitur,
1144 1347 1303 1426 excipiant.

139 1454 207 1518 Iam
231 1470 299 1517 vero
319 1448 404 1515 Arati
428 1450 592 1524 excusatio,
616 1450 694 1532 qnod
716 1449 858 1530 proelium
880 1449 1062 1540 committere
1080 1461 1236 1516 cunctatus
1254 1456 1304 1530 sit,

140 1560 179 1624 ud
208 1557 428 1624 commentarios
455 1566 608 1620 revocetur
633 1575 749 1619 necmse
780 1564 824 1619 est
855 1557 905 1618 clr.
934 1556 992 1637 Ag.
1019 1554 1094 1621 XV.
1140 1559 1303 1624 Praeterea

146 1664 321 1731 Plutarchus
339 1665 411 1728 baec
429 1662 531 1727 habet:
554 1657 661 1728 πολλὰ
677 1655 740 1744 μὲν
756 1655 869 1749 ὀνείδη
889 1659 999 1728 πολλὰ
1021 1661 1051 1728 δ’
1072 1662 1118 1740 εἰς
1139 1665 1302 1746 μαλακίαν

142 1771 194 1838 καὶ
217 1766 369 1854 σιιιίματα
396 1767 449 1835 καὶ
474 1763 661 1852 χ’λεοασμὸν
687 1762 868 1850 ὑπομείνας
895 1763 937 1834 ori
962 1766 1130 1858 προήκατο
1158 1767 1217 1836 τόν
1243 1775 1303 1840 τοῦ

142 1877 365 1964 συμφέροντος
397 1871 556 1962 λομσμὸν
596 1870 652 1941 διὰ
686 1874 723 1939 ru
755 1871 958 1958 φαινόμενον
995 1873 1140 1963 αἲσχρόν.
1186 1876 1303 1951 Quibus

142 1987 170 2050 in
191 1984 288 2049 vorbis
307 1986 352 2049 ira
369 1983 458 2050 Arati
477 1983 506 2047 in
525 1982 723 2058 adversarios,
741 1982 790 2065 qui
808 1983 929 2064 injuria,
952 1983 1096 2060 irrisione,
1118 1986 1303 2050 cavillatione

140 2101 241 2157 contra
268 2112 333 2157 eum
361 2093 503 2172 agebant,
539 2089 666 2155 cernitur
692 2097 722 2153 et
748 2092 846 2171 lugere
871 2109 926 2153 nos
957 2110 1016 2153 non
1046 2098 1160 2171 potest,
1196 2104 1301 2157 eventu

141 2207 271 2282 arrepto,
299 2218 332 2262 eo
358 2199 449 2281 magis
476 2217 541 2262 eam
565 2198 774 2279 oppositionem
802 2198 997 2261 condemnari.
1021 2233 1064 2244 -—
1087 2200 1177 2263 Parte
1200 2208 1301 2263 autem

143 2307 295 2388 interjectu
321 2306 446 2389 impetus
472 2305 501 2369 in
524 2305 660 2369 Pellenen
688 2306 726 2368 ab
753 2304 867 2369 Aetolis
893 2307 986 2368 lactus
1014 2313 1044 2368 et
1070 2304 1195 2388 direptio
1222 2307 1302 2370 urbis

142 2433 177 2478 uc
193 2415 260 2495 luga
277 2432 375 2478 eorum
392 2420 459 2495 post
469 2412 592 2496 primurn
604 2410 745 2492 impetum
759 2412 943 2476 Achaeorum
957 2412 1128 2476 continetur.
1161 2414 1301 2493 Magnam

145 2530 242 2588 autem
272 2519 424 2584 victoriam
457 2538 508 2583 eos
535 2525 716 2600 reportasse,
747 2519 776 2582 id
805 2520 881 2601 quod
907 2519 985 2600 apud
1013 2519 1140 2584 Aratum
1166 2519 1301 2600 legimus,
1344 2569 1352 2585 .

141 2629 270 2694 hicnon
298 2627 469 2692 inveniunt.
515 2625 622 2690 Clades
649 2625 835 2704 Aetolorum,
866 2626 891 2690 si
923 2627 991 2690 hnic
1023 2627 1180 2691 narrationi
1212 2627 1300 2688 fidem

141 2736 283 2800 babemus
306 2733 555 2817 operturbatiuue
577 2734 720 2797 exercitus
742 2741 773 2797 et
794 2744 905 2798 terrore
926 2734 1009 2796 velut
1031 2732 1230 2815 lymphatico,
1253 2734 1301 2814 qui

141 2841 280 2907 militibus
302 2840 428 2922 injectus
455 2847 515 2915 est,
543 2859 608 2904 cum
636 2841 784 2904 mulierem
811 2841 981 2904 bellicosam
1009 2840 1039 2902 in
1066 2839 1173 2902 solario
1200 2839 1301 2920 templi

141 2947 302 3015 Arterrridis
325 2946 557 3028 conspexissent,
583 2953 648 3010 ortu
676 2955 730 3010 est.
756 2983 799 2992 —
822 2948 1044 3010 Enarratiouem
1072 2947 1150 3009 hanc
1175 2966 1221 3008 res
1247 2946 1301 3009 ad-

141 3054 291 3121 mirabiles
306 3060 497 3136 aucupantem
514 3071 533 3116 a
548 3052 717 3137 Phylarcho
731 3054 886 3136 repetitam
901 3074 965 3118 esse
979 3053 1120 3136 suspicari
1134 3072 1302 3135 possumus3

140 3181 237 3245 arpuo
260 3161 350 3224 etlam
373 3160 403 3224 id
426 3160 503 3244 quod
523 3159 611 3223 Arati
633 3160 738 3224 merita
760 3162 963 3242 negleguntur,
986 3179 1042 3224 uon
1066 3162 1212 3224 abhorret.
1258 3160 1304 3223 At

146 3269 241 3334 altera
262 3267 390 3332 narratio
413 3267 481 3330 iude
500 3267 539 3330 ab
558 3259 655 3333 sicot
673 3261 710 3331 de*
727 3265 911 3354 Πελληνεῖς
930 3269 1076 3351 usquead
1096 3265 1303 3351 παρελέσθαι

142 3372 200 3442 τόν
222 3370 384 3459 λογισμὸν
411 3393 437 3439 o.
460 3371 588 3439 XXXII
615 3374 696 3438 haud
719 3374 781 3438 selo
802 3393 841 3438 an
868 3394 886 3438 a
909 3375 1066 3440 Plutarcho
1091 3375 1171 3457 ipso,
1197 3373 1303 3456 quippe

140 3483 203 3567 qni,
237 3491 270 3547 ut
300 3482 445 3564 ejusmodi
471 3502 518 3547 res
543 3483 729 3547 admitabiles
756 3493 968 3566 perscrutatur,
999 3501 1116 3564 operam
1144 3482 1209 3555 dat,
1237 3479 1300 3564 (cir.

141 3589 248 3655 Porioi.
270 3586 331 3669 VI)
358 3589 511 3672 explorata
537 3598 569 3654 ot
594 3590 705 3654 tradita
735 3591 783 3654 sit.
829 3591 962 3654 Tertiam
994 3588 1193 3652 sanationem
1225 3587 1303 3669 apud

140 3695 322 3781 Polyaenum
344 3693 438 3773 vm,
465 3694 509 3761 bb
536 3695 705 3763 insanimus.
752 3696 814 3761 Sed
842 3718 878 3762 aa
904 3717 961 3762 non
987 3695 1043 3760 uisi
1065 3696 1235 3759 reuactatio
1258 3703 1304 3757 est

140 3887 201 3928 enm
224 3869 318 3941 Mssa,
341 3876 433 3942 putat,
455 3886 582 3942 eumque,
606 3870 807 3928 mndloiourhua
829 3872 865 3930 ab
887 3873 974 3930 Arato
995 3869 1209 3927 Atheniensibus
1231 3870 1303 3939 latis,

140 3976 210 4031 uuae
222 3958 321 4017 natan
331 3959 438 4030 inlyuan
455 3965 560 4030 assent,
578 3958 719 4017 adstitisse
730 3959 875 4028 praedicat
911 3960 988 4028 Qitaa
999 3961 1152 4016 morentiae
1168 3961 1215 4027 iis,
1233 3975 1304 4029 quae

140 4048 176 4105 de
195 4047 315 4122 hydiado
333 4048 434 4106 tradita
450 4055 516 4106 aunt
532 4049 616 4118 (Plut
634 4048 709 4106 brat
728 4051 775 4120 tu,
794 4053 830 4108 85
847 4053 882 4108 st
900 4049 1031 4108 dieunt
1050 4050 1144 4122 Polyb
1163 4051 1193 4105 II
1208 4052 1253 4119 44,
1271 4054 1300 4123 5;

141 4140 188 4209 tt,
207 4141 237 4211 ἃς
256 4138 296 4195 ll'
317 4140 364 4212 il,
384 4139 427 4209 lb)
444 4136 510 4194 nihil
526 4135 728 4196 astruantur.
