2856 4574
586 161 716 227 -.17
763 199 807 211 -

117 364 205 428 etiam
228 362 275 426 his
297 360 409 423 verbis:
432 355 589 423 Αἰτωλῶν
611 352 671 441 γὰρ
696 351 953 439 συμμαχούντων
966 352 1120 422 ἐπίδοσιν
1133 353 1281 445 μεγάλην

115 467 139 558 ey‘
164 470 228 534 τῶν
255 463 401 548 Ἀχαιῶν
430 459 594 546 ἐλάμβανε
623 459 778 546 δύναμις*
809 464 988 545 intelligitur.
1035 463 1175 526 Societati
1204 466 1280 527 euim

117 577 293 641 Aetolorum
317 583 394 650 tum,
421 572 593 654 praesertim
622 591 689 633 cum
716 591 816 633 eornm
844 571 971 632 studimu
995 570 1173 640 Cleomenis.
1204 573 1281 652 quod

116 683 300 756 Mantineae,
326 681 457 760 Tegeae,
482 677 658 740 Orchomeni
675 677 885 759 possessiouem
909 677 937 738 ei
959 677 1130 753 cessissent,
1153 679 1280 742 Aratum

118 807 239 870 operam
263 785 379 848 dedisse
402 804 457 848 nou
480 784 648 846 crediderim
673 783 745 863 (cfr.
769 770 863 866 Polyb
885 780 933 858 ΙΙ,
952 781 1020 868 46).
1044 819 1087 829 -

225 893 255 955 A
287 891 385 973 capta
414 887 542 954 xxxv
571 890 660 952 Arae
690 872 838 951 enarratio
874 890 942 951 heiu
972 890 1149 952 caramentes
1177 891 1284 972 incipit,

122 1020 198 1081 quae
228 999 343 1078 saepius
369 997 509 1061 cohaeret
541 1015 605 1058 cum
635 998 696 1057 rita
719 996 884 1059 Cleomenis
907 1016 926 1057 a
955 1016 980 1059 c.
1003 995 1051 1058 IV
1080 999 1117 1058 ad
1141 1017 1165 1060 c.
1188 994 1285 1060 XXX

77 1127 81 1136 ’
123 1125 242 1187 eamque
264 1104 391 1186 supplet.
438 1102 522 1174 Quas
546 1111 643 1184 partes
674 1112 706 1165 ut
732 1123 790 1166 una
817 1109 945 1165 tractare
973 1103 1093 1184 possim,
1121 1122 1218 1184 pauca
1244 1106 1283 1165 de

121 1215 180 1274 vita
205 1210 311 1292 Agidis
336 1218 365 1273 et
387 1210 550 1274 Cleomenis
573 1231 601 1274 a.
625 1229 649 1273 c.
673 1208 690 1271 I
712 1211 750 1272 ad
771 1207 819 1272 IV
842 1209 1040 1289 praemittam.

121 1601 178 1664 Da
195 1597 343 1664 AGIDIS
367 1595 472 1660 VITA
497 1597 551 1659 ET
570 1595 810 1660 CLEOMENIS
832 1595 936 1660 INDE
958 1596 989 1659 A
1012 1598 1045 1662 C.
1068 1597 1159 1662 IAD
1176 1599 1210 1664 C.
1226 1597 1283 1665 IV.

148 1768 161 1795 ι
228 1739 262 1805 In
283 1741 353 1803 vitis
371 1739 474 1818 Agidis
490 1748 519 1800 et
535 1739 701 1802 Cleomenis
720 1739 919 1801 describendis
933 1740 1123 1803 Plutarchum
1144 1742 1287 1822 imprimis

126 1848 331 1931 Phylarchnm
359 1858 490 1909 secutum
516 1865 579 1907 esse
606 1845 732 1918 Heeren,
758 1844 957 1920 Schoemaun‚
979 1846 1090 1922 Lucht‚
1116 1848 1171 1910 viri
1198 1849 1286 1923 docti,

121 1957 375 2018 confirmaverunt.
422 1951 602 2016 Nominatim
621 1950 802 2032 Phylarchus
819 1953 864 2014 his
880 1952 950 2014 locis
969 1974 988 2014 a
1004 1954 1163 2016 Plutarcho
1182 1955 1288 2017 citatur

122 2061 181 2142 Ag.
193 2059 256 2137 IX,
272 2059 308 2135 2,
326 2061 435 2123 Cleom.
449 2059 494 2135 V,
510 2055 546 2134 3,
565 2058 677 2121 Cleom.
693 2055 849 2124 XXVIII.
868 2056 974 2122 XXX.
995 2058 1081 2123 Atat.
1101 2057 1287 2126 XXXVIII.

236 2169 413 2248 Fragmenta
440 2176 536 2229 autem
561 2165 743 2246 Phylarchea
766 2186 829 2228 cum
854 2167 900 2228 his
919 2166 988 2228 locis
1012 2169 1182 2231 conterenda
1204 2180 1285 2233 sunt:

229 2273 421 2336 Ctr.-Mi1ller
443 2274 493 2335 Fr.
518 2273 585 2334 llist
625 2270 732 2334 Graec.
756 2272 772 2335 Ι
794 2293 822 2352 p.
847 2270 1011 2336 LXXVII.

282 2379 394 2442 Cleom.
417 2377 498 2441 VIII
524 2401 564 2437 =
589 2382 640 2458 lrg.
665 2376 710 2440 44
734 2401 774 2438 =
799 2379 897 2442 Athen
921 2378 983 2454 VI,
1009 2378 1073 2444 102
1096 2403 1124 2465 p.
1148 2381 1211 2446 271
1236 2385 1270 2447 Ε.

283 2485 392 2548 Cleom.
414 2484 559 2549 XIII:
582 2488 633 2563 lrg.
655 2483 699 2548 43
723 2508 764 2545 =
788 2487 887 2549 Athen
909 2485 972 2560 IV,
997 2486 1040 2550 20
1063 2507 1091 2568 p.
1120 2487 1181 2552 141
1206 2491 1240 2556 F.

283 2592 394 2657 Cleom.
418 2590 671 2656 XXHI—XXV
694 2614 736 2652 ε
758 2595 811 2671 lrg.
835 2590 878 2655 53
902 2594 1058 2676 :Polyb
1080 2593 1128 2669 ΙΙ,
1153 2595 1206 2662 (il.

283 2697 397 2761 Cleom.
422 2698 599 2764 XXVI:
623 2702 676 2779 frg.
700 2695 742 2761 58
766 2720 808 2757 z:
832 2699 946 2780 Dionys
968 2700 1078 2781 Areop.
1102 2699 1134 2763 ΙΙ
1156 2723 1184 2783 p.
1216 2699 1287 2765 156.

284 2805 370 2869 Arat.
395 2803 503 2870 XLIV
528 2828 569 2865 r:
592 2808 644 2885 lrg.
668 2801 711 2867 52
735 2827 777 2864 =
801 2804 894 2888 Polyb
916 2801 963 2879 ΙΙ,
987 2803 1040 2869 59.

285 2913 374 2975 Aret.
400 2911 490 2976 XLV
514 2935 556 2973 =
581 2916 632 2992 lig.
656 2907 698 2972 51
723 2933 765 2971 =
788 2911 886 2992 Polyb
908 2910 954 2986 Π,
977 2908 1062 2990 bob.

235 3016 360 3100 Dicendi
394 3039 497 3099 genere
530 3019 689 3101 Phylarchi
719 3019 824 3079 ductus
854 3018 1053 3099 Schoemarffi
1068 3028 1220 3101 praeterea
1248 3039 1288 3084 cc.

127 3116 333 3186 XIX-XXI
349 3125 454 3204 Agidis
476 3135 506 3188 et
527 3147 567 3189 ec.
582 3121 916 3188 XXX-XXXVIIII
930 3124 1093 3189 Cleomenis
1117 3128 1155 3188 ad
1169 3129 1289 3191 eundem

127 3230 288 3293 revocavit.
311 3231 437 3295 -Sed
461 3243 494 3295 ut
517 3235 554 3294 de
577 3233 742 3313 Phylarcho
765 3240 844 3294 recte
863 3231 1040 3311 judicemus,
1073 3242 1190 3314 praeter
1210 3237 1290 3314 trag-

125 3343 227 3397 menta
251 3337 280 3399 hi
304 3337 359 3400 loci
382 3340 525 3420 imprimis
548 3339 709 3402 conterendi
738 3348 816 3402 suut.
861 3338 959 3420 Polyb
981 3338 1027 3416 ΙΙ,
1055 3339 1098 3404 56
1121 3361 1164 3422 sq.
1208 3327 1290 3404 Plut.

126 3440 206 3504 Arat
241 3442 308 3528 38]ι
333 3446 525 3511 Themistocl.
550 3446 602 3510 32.
649 3444 696 3508 De
718 3445 809 3526 gloria
832 3443 1005 3508 Atheniens.
1033 3444 1060 3510 1.

127 3565 338 3579 ——u—

231 3636 394 3694 *Freeman
423 3638 440 3697 l.
468 3638 485 3696 l.
514 3655 540 3708 p.
567 3643 620 3697 422
650 3656 700 3708 pro
719 3631 878 3701 Αἰτωλῶν
906 3641 959 3710 legi
987 3643 1060 3700 vult:
1089 3632 1290 3721 Ἀθηναίων.

127 3721 181 3778 Sed
200 3742 260 3781 cum
281 3725 375 3795 foedus
394 3744 446 3782 non
464 3727 547 3782 ictum
567 3732 603 3785 sit
620 3731 690 3785 inter
707 3731 817 3787 Aratum
837 3738 865 3788 ct
882 3731 1060 3788 Athenienses
1079 3734 1135 3805 (cfr.
1153 3737 1219 3790 Arat
1236 3738 1290 3804 411,

126 3827 157 3868 ea
175 3817 349 3872 commutatio
367 3817 512 3888 rejicienda
529 3823 581 3874 est.

230 3906 250 3974 †
263 3905 343 3961 Klatt
359 3907 376 3961 l.
386 3907 404 3963 l.
414 3923 432 3975 p
441 3911 458 3963 8
464 3905 603 3990 judiciium
611 3908 746 3963 Plutarchi
756 3909 828 3978 quod
838 3915 882 3966 eat
890 3911 917 3965 iu
926 3910 1111 3968 uxxxvm
1121 3913 1194 3967 vitae
1201 3914 1290 3973 Arati:

125 3990 291 4080 ἐνθουσιᾷ
326 3993 399 4080 γάρ,
435 3991 513 4063 ὅταν
551 3992 680 4087 ἅψηται
717 4000 776 4064 τοῦ
808 3996 1029 4084 Κλεομένονς’
1073 3999 1130 4068 ὑπ’
1163 3997 1292 4079 sionim·

126 4098 179 4165 καὶ
202 4099 356 4187 καθάπερ
380 4101 415 4168 ἐν
439 4106 510 4195 δίκῃ
535 4107 574 4194 τῇ
595 4107 720 4193 ἱστορίᾳ
741 4107 785 4193 τῶ
799 4102 860 4190 μὲν
881 4105 1052 4175 α’ντιδικῶν
1072 4110 1223 4192 διατελεῖ,
1248 4112 1293 4198 τῶ

1079 4235 1097 4293 2
