2856 4574
631 164 853 230 ,16-

263 360 362 441 (laput
383 357 527 424 XXXIV
548 362 748 444 expeditiones
771 361 861 425 Arati
887 363 917 424 in
939 359 1072 426 Atticam
1095 381 1115 424 a
1140 368 1234 425 morte
1256 363 1322 426 An-

156 466 249 547 tigoni
276 465 431 530 Gonnatae
458 469 496 530 ad
518 478 642 532 mortem
664 467 809 531 Demetrii
831 469 925 532 factae
953 467 1162 549 explicamus*
1208 466 1323 540 Quibus

155 575 185 637 in
209 573 377 637 enarrandis
401 594 464 638 cum
481 575 604 656 scriptor
619 575 707 638 Arati
723 576 821 637 studio
836 576 939 638 ductus
954 576 1089 638 videatur
1103 596 1166 638 esse
1181 583 1212 637 et
1230 595 1321 640 aceu-

158 681 304 744 satissime
337 701 385 743 res
416 682 546 762 singulas
580 683 738 757 describat,
776 683 845 762 quin
876 703 893 744 e
929 684 1143 745 commentariis
1180 683 1321 755 hauserit,

155 788 289 849 dubitare
320 806 376 850 non
410 806 575 868 possumus.
632 788 706 868 (Clu.
739 788 825 850 Klatt
856 787 877 851 l.
905 787 923 850 l.
956 808 985 868 p.
1014 785 1067 851 31.
1113 789 1153 853 U.
1180 787 1321 852 Koehler:

160 895 237 973 „Diu
256 892 515 957 Versoholleuer“.
561 897 685 958 Hermes
708 893 773 958 VH
796 895 829 958 S.
856 893 870 956 1
897 896 985 976 sqq.).
1008 930 1053 941 -

261 1034 334 1099 Inde
357 1046 472 1111 autem,
496 1036 571 1118 quod
593 1056 641 1100 res
665 1055 717 1118 per
740 1037 836 1099 decem
860 1055 953 1101 annos
976 1044 1076 1118 gestae
1102 1037 1132 1100 in
1155 1037 1211 1100 hoc
1232 1057 1322 1100 unum

157 1150 247 1223 caput
270 1150 421 1224 coguntur,
444 1143 637 1206 Plutarchum
653 1141 735 1205 illum
751 1144 876 1220 lentem,
899 1143 948 1225 qui
963 1143 1081 1224 insignis
1098 1151 1176 1206 esset
1191 1145 1322 1207 maxima

156 1251 304 1323 ubertate,
337 1249 424 1312 valde
458 1257 627 1330 amputasse
659 1248 838 1328 intelligitur.
886 1249 1075 1331 Singularum
1103 1250 1322 1331 expeditionum

156 1376 262 1419 causae
285 1363 316 1417 et
338 1356 502 1437 conjunctio
527 1375 626 1418 earum
642 1376 661 1418 a
676 1356 834 1418 Plutarcho
849 1359 996 1437 proiectae
1013 1365 1090 1419 sunt.
1137 1359 1184 1419 Ac
1204 1356 1319 1438 primae

158 1463 249 1525 cladis
271 1461 359 1524 Arati
389 1482 512 1525 causam
541 1459 594 1526 καὶ
619 1454 705 1538 ὅλως
732 1459 926 1545 κατεφρόνει
954 1462 1016 1527 τῶν
1039 1460 1244 1528 Μακεδόνων
1268 1460 1321 1528 duo*

155 1565 208 1633 καὶ
230 1552 450 1655 sponsaturus
473 1563 573 1633 αὐτοῦ
584 1615 609 1631 ..
623 1567 720 1632 Arato
744 1590 800 1632 uon
827 1570 1046 1632 adscribendam
1074 1590 1137 1633 esse
1164 1571 1251 1633 facile
1274 1572 1321 1634 in-

155 1676 302 1756 telligitur.
348 1676 450 1756 Neque
478 1676 573 1738 miuus
605 1675 693 1751 illud,
726 1677 801 1758 quud
828 1675 950 1738 alteram
979 1677 1192 1757 expeditionem
1220 1679 1322 1740 lecerit

156 1790 275 1864 propter
296 1781 440 1845 laetitiam
456 1781 684 1845 Atheniensium
707 1783 744 1844 de
768 1783 864 1858 clade,
887 1803 974 1863 quam
997 1792 1163 1863 acceperat,
1187 1796 1216 1847 ct
1231 1805 1321 1847 causa

156 1898 289 1970 receptus
311 1874 400 1966 „eiua
418 1888 594 1983 naaobsig‘j
617 1888 712 1951 aliena
736 1898 803 1951 sunt
826 1889 1083 1953 acommeutariis.
1128 1891 1321 1954 Judicaudum

155 2017 233 2072 esse,
260 2005 347 2076 puto,
376 1996 566 2058 Plutarchum
587 2014 633 2057 res
662 1995 790 2075 singulas
817 1996 846 2057 in
879 1995 958 2057 fonte
992 1996 1050 2058 alio
1077 1999 1205 2078 quodam
1234 1999 1320 2060 modo

156 2104 323 2184 conjunctas
345 2102 488 2165 invenisse
517 2110 561 2177 et,
590 2123 656 2165 oum
679 2103 743 2183 ipse
765 2111 953 2183 componeret
982 2112 1011 2164 et
1038 2113 1219 2184 amputaret,
1249 2126 1321 2168 suas

157 2230 260 2272 causas
288 2210 324 2271 iis
352 2208 539 2293 subjecisse.†
584 2211 684 2291 Atque
707 2209 897 2272 Plutarchum
925 2209 1021 2291 ipsum
1050 2213 1246 2292 composuisse
1275 2233 1320 2276 res

261 2493 277 2526 ’¹‘
296 2490 492 2546 Liberationem
510 2489 673 2546 Athenarum
692 2487 781 2542 adhue
797 2487 921 2558 Lydiade
939 2493 1061 2556 praetore
1079 2492 1202 2547 aso-29
1221 2489 1318 2547 iactam
1403 2555 1405 2560 .

155 2596 215 2635 esse
230 2580 359 2636 creditum
378 2585 429 2637 est.
465 2578 530 2648 (Cfr.
544 2579 672 2633 Preeman
684 2592 710 2644 p.
729 2578 782 2633 422
800 2578 925 2647 Droysen
943 2579 998 2646 111,
1018 2583 1035 2635 2
1053 2595 1079 2648 p.
1098 2583 1132 2638 52
1144 2579 1223 2635 Klatt
1236 2596 1262 2649 p.
1274 2582 1317 2647 82)

154 2670 194 2724 At
212 2668 372 2724 Plutarchus
390 2683 413 2724 c.
438 2666 575 2736 XXXIV,
599 2672 635 2725 20
651 2658 761 2744 ἑτέρου
785 2652 943 2742 ἄρχοντος
966 2674 994 2722 et
1016 2669 1140 2738 XXXV,
1164 2673 1200 2726 24
1216 2669 1316 2724 Aristo-

154 2758 249 2813 macho
271 2763 394 2827 praetore
417 2754 539 2813 228-’27
558 2757 674 2813 Athenis
697 2758 814 2816 adfuisse
838 2760 965 2827 Aratum,
990 2761 1116 2813 testatur.
1152 2757 1181 2811 Si
1205 2758 1315 2827 priorem

156 2848 317 2902 seutentiam
337 2846 479 2915 sequimur,
498 2847 527 2900 iu
547 2844 721 2902 difficultates
739 2848 888 2908 incidimus.
927 2847 1079 2903 Demetrius
1097 2861 1161 2900 vere
1179 2847 1243 2901 anui
1264 2849 1315 2904 229

154 2952 207 2991 nou
226 2935 347 3006 Lydiade
365 2934 412 2988 sed
431 2935 518 2991 Arato
535 2941 657 3002 praetore
681 2940 805 2994 229-28
827 2943 939 2993 mortem
962 2937 1041 3006 obiit,
1064 2951 1119 3004 qua
1142 2951 1170 2990 re
1193 2936 1317 2991 effectum

153 3030 207 3093 est,
226 3032 258 3078 ut
268 3023 391 3078 Athenae
403 3022 555 3079 deficerent
592 3023 714 3080 Deiectio
729 3025 813 3095 igitur
826 3025 993 3080 Athenarum
1006 3040 1065 3079 cum
1078 3040 1093 3079 e
1108 3025 1320 3080 commutatione

154 3113 257 3182 imperii
275 3118 407 3182 oreretur,
426 3117 488 3180 post
506 3117 619 3168 mortem
632 3113 761 3169 Demetrii
780 3130 863 3185 anno,
882 3130 935 3184 quo
946 3115 1046 3170 Aratus
1064 3118 1172 3182 praetor
1184 3127 1238 3168 uon
1250 3117 1316 3181 erat,

154 3200 226 3257 facta
244 3201 350 3257 demum
368 3216 428 3257 csse
446 3206 544 3269 potest

259 3307 423 3378 †Koehleri
445 3308 461 3362 1.
485 3307 503 3363 l.
523 3323 678 3378 eorumque,
702 3308 748 3378 qui
771 3309 958 3364 auctoritatem
980 3308 1039 3380 ejus
1062 3308 1149 3364 secuti
1173 3310 1236 3364 suut
1258 3303 1316 3376 (cir.

154 3399 279 3468 Droysen
296 3399 351 3466 III,
371 3401 388 3454 2
406 3413 432 3466 p.
452 3401 495 3455 56.
531 3397 619 3455 Klatt,
638 3412 665 3465 p.
683 3401 700 3453 9
718 3402 747 3452 et
765 3401 808 3455 36.
845 3397 1036 3454 Wauhsmuth:
1056 3398 1107 3454 Die
1126 3395 1210 3452 Stadt
1227 3394 1316 3450 Athen

155 3487 189 3540 im
208 3485 359 3541 Altcrthum
378 3502 405 3554 p.
425 3488 486 3557 631)
508 3486 659 3555 opiniones,
682 3487 797 3541 Aratum
820 3487 848 3542 iu
873 3487 1026 3543 namatioue
1048 3485 1213 3541 liberationis
1233 3483 1317 3540 Athe·

154 3590 249 3629 narum
272 3589 326 3629 non
351 3576 436 3631 solum
459 3575 583 3630 meritum
602 3576 732 3645 Diogenis
754 3575 913 3630 malevolum
936 3576 1065 3645 tacuisse,
1089 3574 1136 3630 sed
1160 3574 1240 3643 plane
1261 3589 1317 3628 rem

153 3662 319 3733 invertisse,¹
335 3670 367 3719 ut
394 3664 478 3732 ipsius
507 3662 579 3718 iacta
602 3663 761 3733 illustraret,
793 3664 868 3718 nulla
895 3679 923 3718 re
954 3661 1153 3722 confirmantur.
1195 3664 1319 3719 Inversio

155 3753 224 3806 enim
242 3767 329 3822 neque
352 3751 424 3820 apud
442 3751 615 3807 Plutarchum
633 3758 662 3806 et
679 3752 839 3807 Pausaniam
858 3753 899 3821 Π,
919 3755 936 3806 8
958 3767 1044 3820 neque
1070 3751 1097 3805 iu
1119 3752 1319 3807 commentariis

154 3841 330 3896 demonstrari
356 3845 456 3909 potest.
497 3840 642 3908 Superbiae
670 3841 800 3910 Diogenis
827 3840 1008 3896 laudationem
1039 3854 1126 3908 neque
1156 3840 1318 3895 Plutarchus

154 3945 241 3999 neque
258 3930 406 3984 Pausanias
424 3928 562 3984 habebant
579 3929 651 3999 quod
663 3930 868 3998 perscriberent.
904 3928 971 3984 Inde
983 3933 1086 3998 autem,
1104 3929 1176 3996 quod
1187 3929 1318 3984 auxilium

155 4019 230 4074 Arati
248 4020 275 4073 in
293 4019 379 4073 titulis
397 4017 558 4073 aKoehlero
572 4019 675 4087 allatis,
695 4033 764 4086 quae
776 4019 804 4072 in
817 4019 944 4073 honorem
957 4017 1087 4086 Diogenis
1099 4022 1319 4086 posterorumque

155 4108 214 4180 eius
232 4106 320 4163 fectae
339 4112 414 4178 sunt,
435 4122 488 4162 nou
508 4111 759 4177 commemorantur,
779 4106 844 4161 nihil
863 4107 992 4176 sequitur.
