2856 4574
542 194 765 263 ..33-

69 396 128 461 Ch.
149 391 259 468 XVI,
292 390 309 454 1
334 387 354 456 o‘
376 387 434 475 γὰρ
451 384 594 475 Ἄρατος
618 392 682 459 εἴτε
705 389 841 478 ἀπιστίᾳ
862 389 916 457 καὶ
936 386 1030 477 φόβῳ
1055 386 1118 456 τοῦ
1139 389 1241 457 Κλεο-

65 503 188 586 μένους
212 498 277 565 εἴτε
300 499 456 581 φθονῶν,
480 492 669 580 εὐτυχοῦντι
691 496 768 584 παρ’
786 495 905 564 ἐλπίδα
926 496 979 563 καὶ
1000 498 1160 579 νομίζων,
1183 493 1238 586 θα]

65 610 139 694 τρία
163 604 220 672 καὶ
238 600 412 690 τριάκοντα
434 602 660 690 πρωτεύοντος
695 601 797 674 alent
822 601 933 671 δεινόν
955 591 1038 670 εἶναι
1060 601 1122 692 τήν
1140 601 1242 685 δόξαν

66 710 142 798 ἅμα
166 710 219 777 καὶ
238 707 299 798 τήν
324 706 463 792 δύναμιν
486 707 648 796 ἐπιφύντα
669 715 746 780 νέον
764 705 869 796 ἄνδρα
886 709 1046 776 καθελεῖν
1067 708 1121 776 καὶ
1138 732 1241 794 παρα·

69 821 187 905 λαβεῖν
207 813 406 902 πραγμάτων
430 811 617 906 εὐξαμένοιο
640 814 698 885 ὑπ’
719 813 848 884 οὐτοσὶ*
894 819 955 883 (Ile.
977 819 1063 882 Aret.
1088 814 1241 882 XXXVI.

179 925 240 989 Sed
268 925 432 989 Cleomenis
460 927 571 1006 capita,
601 946 675 1008 quae
701 935 860 1008 sequuntur
887 926 956 988 iude
983 945 1003 988 a
1027 922 1125 988 XVII
1151 944 1242 1007 nsque

77 1034 118 1097 ad
138 1030 219 1099 XXI
244 1032 396 1097 simillima
417 1040 486 1094 sunt
508 1032 596 1095 Arati
619 1033 765 1115 capitibus
785 1028 931 1097 XXXIX
956 1050 1047 1114 usque
1075 1033 1112 1095 sd
1139 1029 1242 1095 XLV.

73 1141 176 1222 Atque
201 1138 367 1203 Cleomenis
397 1147 486 1220 caput
508 1137 606 1203 XVII
634 1150 665 1202 et
692 1139 783 1205 Arcti
809 1147 897 1220 capnt
918 1135 1064 1202 XXXIX
1088 1140 1130 1202 ad
1158 1156 1242 1202 oum-

75 1245 238 1309 mentarioe
258 1247 426 1309 revocanda
448 1265 531 1322 esse,
555 1252 586 1308 et
609 1265 646 1310 ex
670 1248 767 1311 verbis
790 1247 849 1310 illis
864 1264 880 1308 e
896 1245 1112 1311 commentariis
1128 1244 1241 1309 allatis:

72 1372 99 1416 c.
123 1350 225 1417 XVII
245 1345 306 1417 οὐκ
329 1349 374 1428 εἷς
390 1344 514 1435 Ἀργος
543 1348 614 1417 ἄλλ’
637 1352 683 1429 εἷς
701 1351 835 1437 Αἴγιον,
860 1343 1011 1438 domum
1027 1344 1170 1436 Ἄρατος
1186 1399 1195 1415 .
1211 1399 1245 1416 ..

70 1469 103 1523 et
127 1479 143 1522 e
166 1459 266 1523 colom
289 1460 482 1522 enarrationis
498 1468 530 1523 et
552 1460 717 1542 esingnlls,
739 1478 814 1541 qnae
829 1461 867 1522 de
882 1457 1005 1522 internis
1018 1452 1144 1521 loedecle
1160 1457 1247 1521 rebus

70 1569 254 1640 releruntnr‚
277 1565 450 1645 colligamus
473 1565 550 1631 licet
595 1565 684 1630 Initio
708 1577 807 1630 antem
830 1565 934 1647 capitis
958 1561 1057 1628 XVII
1078 1563 1246 1647 Phylarcho

75 1691 150 1734 usus
179 1679 235 1747 est,
270 1690 327 1753 quo
354 1672 416 1734 loco
439 1672 619 1737 Plutarchus
647 1674 710 1755 ipse
738 1673 821 1748 dicit,
851 1690 952 1735 ornnes
988 1685 1136 1735 summanr
1163 1688 1246 1753 spem

76 1777 202 1860 cupitos,
228 1797 331 1861 paoem
353 1779 483 1841 luturam
506 1798 585 1856 esse,
614 1780 744 1844 Aratum
768 1786 884 1853 autem,
911 1796 977 1840 oum
1000 1777 1027 1840 ei
1048 1775 1243 1858 metheluse

78 1882 153 1968 res†
174 1903 239 1948 curn
261 1883 409 1965 Antigono
435 1886 656 1962 convenissent,
679 1886 843 1961 timentem,
864 1903 901 1947 ne
922 1882 1095 1950 Cleomenes
1118 1883 1148 1949 in
1169 1900 1243 1946 cou-

77 1998 168 2054 ventn
193 1990 352 2057 constituto
387 2011 440 2054 usn
468 1999 557 2074 utque
585 1992 792 2056 consuetudine
823 1990 1038 2054 multitudinem
1058 1989 1122 2054 sibi
1146 1989 1247 2053 eonci-

71 2098 176 2173 liaret,
199 2095 300 2178 inique
321 2117 342 2159 e
371 2095 527 2162 Cleomene
548 2099 745 2180 postulantem
768 2096 966 2180 prohibuisse,
988 2095 1141 2178 querulum
1159 2112 1246 2178 porro

71 2212 218 2286 ageretur.
268 2201 376 2285 Itaque
390 2206 486 2267 Arato
509 2205 562 2267 soli
585 2206 771 2268 tribuendum
794 2222 878 2277 esee,
901 2222 1016 2284 peoem,
1037 2220 1126 2285 quarn
1148 2218 1248 2267 omnes

75 2313 294 2385 desiderarent,
322 2329 380 2372 non
395 2310 502 2372 lactem
520 2331 597 2385 esse,
613 2311 801 2395 Phylarchus
823 2317 916 2391 potat.
962 2308 1107 2373 Rerocuri
1130 2319 1247 2392 partem

78 2427 210 2482 nomam
233 2417 273 2480 ad
297 2417 374 2479 hunc
397 2417 485 2480 etiam
513 2426 669 2498 propterea
691 2415 847 2480 verisimile
869 2424 927 2493 est,
957 2403 1036 2499 'qnod
1059 2415 1246 2480 Cleomenem

78 2520 232 2610 »ὁμιλίςσ
257 2523 289 2586 id
312 2529 358 2584 cst
379 2543 450 2597 usu,
475 2525 737 2606 consuetudineque
760 2522 861 2604 populi
884 2521 1010 2586 consiliis
1033 2523 1245 2589 misnensem

76 2631 228 2695 concillum
254 2628 399 2704 voluisse,
422 2640 567 2694 narratur.
612 2629 760 2712 Imprimis
787 2630 890 2692 laudat
917 2629 1043 2692 candem
1072 2612 1243 2712 ῃὸμιλίανί(

75 2737 268 2822 Phylarchus
283 2734 348 2797 loco
364 2735 413 2798 illo
430 2736 541 2800 Oleum.
558 2734 650 2813 XIII,
667 2730 741 2800 4τό
757 2731 794 2800 δὲ
815 2730 927 2820 ὁμιλίᾳ
948 2732 1002 2799 καὶ
1022 2727 1118 2819 χάριν
1140 2728 1249 2815 ἔχοντι

81 2840 135 2907 καὶ
156 2843 269 2908 πίστιν
300 2838 508 2907 οἰκειοῦσθαι
535 2841 588 2907 καὶ
614 2863 698 2928 προς
725 2838 868 2925 ἄγεσθαι
894 2835 1046 2925 ἐφαίνετο
1073 2834 1249 2909 κάλλιστον

84 2940 244 3032 celerrimi
263 2943 527 3033 βασιλικώτατον.
572 2950 632 3012 Cir.
648 2951 744 3030 lrgmt.
763 2946 818 3015 43.
864 2950 965 3030 Atque
985 2967 1022 3011 ea
1043 2967 1121 3029 queo
1135 2949 1249 3017 Αῐαλαι

85 3053 275 3117 aCleomeue
297 3055 477 3135 postulavit,
501 3075 577 3138 quae
600 3055 741 3138 ejusmodi
757 3062 856 3131 erant,
878 3063 911 3118 ut
933 3072 990 3117 nou
1012 3072 1098 3136 porro
1113 3061 1249 3136 agnatus

193 3228 209 3263 *⁸
226 3227 317 3298 llsgni
334 3229 462 3284 momenti
484 3233 636 3299 temporum
658 3229 754 3285 rationi
777 3227 905 3285 hletoriae
922 3227 1001 3283 Arati
1019 3232 1074 3298 est,
1097 3227 1170 3298 quod
1187 3228 1251 3285 Plu·

82 3317 196 3373 tarchus
213 3318 278 3375 dicit
295 3319 323 3374 iu
342 3321 433 3376 Cleon
450 3323 534 3391 XVI,
555 3325 570 3378 1
592 3309 646 3404 ἔτη
667 3313 737 3399 τρία
754 3313 809 3380 καὶ
824 3311 997 3399 τριάκοντα
1018 3308 1251 3398 πρωτεύοντος.

78 3398 183 3471 αὐτοῦ
205 3405 277 3485 (τοῦ
297 3403 458 3491 Ἀράτου).
496 3413 618 3474 BlassIus
640 3412 814 3468 annotatione
836 3426 898 3482 sus,
925 3425 994 3481 quae
1020 3411 1055 3468 ad
1077 3430 1139 3471 enm
1162 3416 1249 3472 loom

79 3516 194 3581 spectat,
209 3509 357 3567 Plutarcho
369 3514 568 3583 neglegentiam
580 3512 791 3584 injusteohjicit.
823 3513 852 3569 Si
860 3511 1021 3570 Plutarchus
1028 3501 1252 3588 πρωτεύοντος

84 3598 163 3668 dicit,
183 3616 236 3656 non
256 3599 292 3655 ah
310 3617 383 3656 anno
400 3601 585 3659 ducentesimo
602 3604 824 3673 quinquagesimo
838 3604 925 3672 primo
936 3616 1076 3657 numento
1087 3606 1185 3674 potest,
1203 3601 1254 3658 sed

82 3686 118 3744 ah
134 3704 205 3744 anno
218 3688 403 3746 ducentesimo
415 3691 620 3761 quadragesimo
631 3692 734 3761 quinto,
753 3693 829 3748 Arati
847 3691 1039 3760 impertimus
1049 3690 1143 3760 primo,
1162 3704 1253 3746 nurne-

80 3792 143 3831 rare
163 3777 255 3835 dehet.
292 3779 419 3848 TrIginta
437 3779 524 3835 trihus
541 3781 619 3835 annis
637 3786 732 3848 postea
749 3797 820 3837 anno
841 3780 1025 3836 dueentesinro
1046 3779 1128 3835 tertio
1149 3779 1253 3836 deornm

80 3865 187 3923 Aratus
205 3871 329 3922 mortuns
347 3875 398 3923 est.
420 3900 454 3908 -
473 3869 547 3937 Ergo
565 3874 637 3922 recte
655 3867 750 3923 definit
767 3868 935 3928 Plutarchus.

190 3955 211 4023 †
229 3955 344 4010 Aratum
363 3972 425 4011 curn
438 3958 577 4026 Antigono
590 3957 766 4026 gravissimas
783 3973 834 4028 res,
853 3957 951 4027 quihus
968 3973 1022 4013 non
1035 3957 1151 4026 spectari
1162 3961 1255 4027 potest

83 4043 139 4098 nisi
158 4043 194 4098 ad
207 4042 328 4099 Corinthi
341 4047 553 4115 occupationem,
572 4046 657 4101 multo
669 4051 788 4115 ternpore
800 4052 863 4115 post
875 4046 925 4102 hus
941 4047 1061 4103 actiones
1072 4047 1253 4118 consttmtsse,

82 4132 164 4200 plane
182 4131 370 4188 demonstrant
387 4135 455 4190 Arat
472 4135 537 4190 XLI
555 4133 641 4205 Polyb
658 4134 700 4205 ΙΙ,
719 4138 767 4206 51,
785 4138 803 4192 3
820 4140 849 4190 et
867 4138 915 4205 52,
934 4131 970 4192 3ss

1059 4240 1085 4292 ‘t
