2856 4574
638 194 835 258 ..4-

159 388 241 450 brevi
268 406 381 450 morum
413 387 604 469 descriptione
627 389 716 454 Arati
748 390 829 471 pueri
855 390 1059 471 interumpitur
1076 410 1095 453 a
1115 410 1201 453 versu
1223 391 1317 471 primo

156 497 195 557 ad
224 495 365 558 decimum
394 493 558 576 quartum*
605 493 706 567 Quam
738 517 850 559 morum
882 497 1103 576 descriptionem
1131 498 1225 559 Arato
1261 498 1319 578 ipsi

155 603 373 666 attribuendam
398 621 462 664 esse
485 602 535 664 vix
558 603 700 684 quispiam
723 604 837 679 credat,
865 605 1037 682 praesertim
1065 623 1130 666 curn
1159 603 1244 664 etiarn
1269 623 1316 666 res

155 709 193 771 de
216 729 250 772 eo
273 710 447 784 referantur,
470 728 545 789 quae
568 710 594 771 ei
618 709 773 790 opprobrio
796 719 871 773 sunt.
896 709 1023 772 —Sed
1046 711 1086 773 ad
1108 710 1179 771 illud
1201 729 1317 791 quoque

153 817 283 878 animum
312 816 512 890 intendamus,
546 815 734 878 Plutarchum
764 816 852 879 etiam
881 837 963 878 suam
992 816 1165 878 sententiam
1193 817 1316 880 adlerre.

154 920 237 986 Dicit
253 923 329 985 enim
351 922 437 986 baec:
458 916 663 1005 ἐπιφαίνεται
678 920 707 986 δ’
722 919 834 1004 ἀμέλει
849 921 900 987 καὶ
919 924 990 1000 τοῖς
1007 916 1130 987 εἰκόσιν
1146 919 1314 1011 ἀθλητική

152 1051 199 1105 τις
221 1028 291 1094 ἰδέα
314 1053 343 1091 κ.
365 1051 391 1092 τ.
414 1025 442 1092 λ.
467 1038 497 1091 et
517 1030 624 1093 καίτοι
637 1028 803 1112 γεγονέναι
826 1024 1036 1116 κομψότερον
1053 1027 1159 1094 εἰπεῖν
1179 1022 1202 1115 ἢ
1222 1029 1317 1093 δοκεῖ

152 1151 237 1199 mour
260 1131 296 1199 ἐκ
317 1135 381 1199 τῶν
403 1130 648 1222 ὑπομνημάτων
672 1136 847 1218 κρίνουσιν.
861 1173 904 1182 -
925 1137 1009 1198 Haec
1032 1154 1101 1197 vero
1125 1154 1237 1199 morum
1261 1139 1315 1199 de-

152 1235 285 1323 scriptio,
308 1261 384 1324 quae
409 1242 505 1323 capite
527 1245 613 1306 tertio
633 1243 794 1306 continetur
812 1243 840 1305 in
860 1243 955 1323 capite
975 1251 1079 1324 quarto
1102 1242 1195 1303 denuo
1209 1242 1315 1324 recipi·

150 1357 200 1410 tur
216 1348 283 1410 inde
297 1348 335 1410 ab
350 1339 374 1434 ἢ
389 1347 429 1434 dq
445 1343 615 1432 μειράκιον
631 1368 722 1431 usque
738 1350 775 1412 ad
792 1343 891 1414 αὐτοῦ
904 1344 964 1435 τήν
978 1344 1085 1435 ὁρμήν
1097 1360 1126 1413 et
1144 1351 1187 1413 ita
1198 1349 1313 1432 quidem

152 1462 184 1517 ut
207 1455 313 1516 iterum
336 1474 432 1516 rerum
454 1457 601 1518 enarratio
620 1457 854 1537 interrumpatur.
901 1455 1014 1518 Deinde
1037 1456 1224 1530 Plutarchus,
1249 1475 1313 1518 cum

151 1560 281 1623 Nicoclis
304 1561 438 1624 timorem
461 1562 528 1625 inde
550 1564 709 1643 proiectum
731 1581 792 1624 esse
809 1561 892 1634 dicit,
916 1562 992 1643 quod
1008 1563 1121 1624 Aratus
1142 1582 1207 1625 curn
1223 1562 1313 1624 Auti-

152 1686 226 1747 gono
250 1676 280 1728 et
298 1668 469 1730 Ptolemaeo
493 1689 525 1730 se
544 1669 739 1750 conjunxerit,
761 1669 798 1730 ad
819 1668 942 1748 priorem
961 1670 1069 1730 iontem
1088 1669 1170 1731 redit.
1215 1666 1313 1738 Quam

79 1813 81 1816 ⁴
151 1793 269 1836 causam
285 1784 428 1854 regesta,
447 1795 522 1856 quae
541 1777 568 1837 in
584 1775 800 1838 commentariis
820 1782 957 1836 enarrata
973 1794 1037 1836 esse
1051 1775 1179 1849 videtur,
1197 1775 1312 1836 enixam

151 1899 170 1941 a
191 1879 352 1941 Plutarcho
376 1881 439 1963 ipso
462 1880 584 1944 allatam
609 1902 671 1944 esse
694 1881 850 1943 verisimile
874 1890 932 1955 est,
962 1889 994 1942 ut
1020 1881 1064 1942 ita
1085 1883 1182 1942 fontes
1206 1881 1313 1949 arctius

147 1985 223 2048 inter
245 2006 277 2048 se
302 1988 550 2068 conjungerentur.
596 1987 667 2069 Ipsa
691 1996 788 2050 autern
812 2007 859 2049 res
885 1995 967 2067 gesta
991 1988 1038 2049 his
1058 1988 1153 2049 verbis
1175 1983 1307 2070 καὶγὰρ

149 2088 285 2179 ἀληθῶς
304 2089 324 2156 ὁ
343 2085 472 2176 Ἄρατος
495 2091 690 2181 ἐπεχείρησε
712 2088 772 2180 τήν
792 2089 874 2158 ὁδόν
892 2088 1023 2180 ἐκείνην
1045 2093 1191 2176 βαδίζειν
1214 2094 1312 2155 allatis

148 2219 186 2261 ex
210 2202 431 2264 commentariis
453 2204 667 2283 comprobatur.
691 2237 734 2247 -
758 2201 894 2263 Alterum
914 2219 982 2261 vero
1004 2202 1115 2262 iontem
1134 2200 1311 2262 Plutarchus

148 2326 167 2369 a
189 2327 213 2370 c.
238 2305 273 2383 6,
300 2304 356 2380 18,
380 2310 430 2372 ubi
452 2310 528 2372 haec
551 2304 935 2386 anconitanensem,
959 2307 999 2367 ad
1018 2326 1041 2368 o.
1063 2304 1081 2367 l
1107 2305 1219 2387 longius
1241 2325 1311 2385 pro-

147 2413 286 2495 sequitur.
332 2415 387 2479 Hic
405 2436 518 2500 qnoque
537 2416 729 2497 cognoscitur,
753 2423 836 2495 parte
854 2424 954 2476 nostra
972 2413 1082 2475 omissa
1101 2413 1310 2475 sententiarum

146 2519 273 2583 ordinem
291 2521 361 2584 nihil
381 2524 546 2586 detrimenti
562 2541 679 2603 capere,
697 2530 810 2601 partem
827 2540 894 2582 vero
911 2521 1065 2598 omissam,
1085 2539 1148 2580 cum
1165 2519 1216 2593 iis,
1236 2539 1310 2600 quae

146 2626 175 2689 in
199 2638 301 2709 quarto
325 2629 422 2712 capite
444 2630 480 2691 de
496 2630 584 2692 Arati
602 2639 632 2691 et
646 2628 771 2690 Nicoclis
790 2626 949 2688 inimicitiis
969 2628 1111 2699 dicuntur,
1135 2625 1219 2687 iacile
1239 2645 1309 2687 con-

143 2733 225 2812 jungi
257 2754 352 2815 posse.
400 2737 442 2799 Ut
471 2745 636 2816 temporum
666 2735 794 2797 ordinem
823 2742 966 2809 servaret,
995 2731 1171 2795 Plutarchus
1200 2740 1230 2792 et
1258 2731 1305 2792 hic

144 2847 174 2902 et
197 2839 262 2903 aliis
283 2843 433 2922 permultis
451 2843 519 2906 loois
543 2843 660 2904 videtur
683 2842 824 2903 adductus
846 2861 927 2916 esse,
950 2850 982 2903 ut
1008 2836 1173 2901 interiorem
1195 2839 1304 2899 iontem

146 2948 297 3010 divelleret
324 2956 413 3030 atque
442 2949 631 3024 enarrationi,
662 2967 749 3030 quam
778 2947 946 3028 praecipuus
970 2949 1033 3009 lons
1055 2944 1232 3026 praebebat,
1258 2945 1304 3006 in-

144 3064 262 3118 sereret.
278 3091 322 3100 --
338 3056 397 3119 Sed
412 3057 481 3119 illud
496 3055 625 3139 Myrtili,
646 3075 740 3118 rerum
760 3053 920 3138 scriptoris,
938 3054 987 3134 qui
1005 3053 1108 3134 quibus
1126 3051 1305 3132 temporibus

144 3161 286 3237 flomerit,
312 3181 370 3225 nou
397 3162 470 3225 satis
498 3170 627 3236 constat,
657 3163 736 3243 quod
763 3162 792 3223 in
820 3181 845 3224 c.
884 3159 1083 3234 3invenitur,
1113 3159 1304 3222 Plutarchum

145 3286 161 3329 e
184 3269 324 3331 memoria
348 3270 512 3344 addidisse,
538 3288 632 3350 neque
662 3269 776 3330 omnino
804 3269 841 3331 ad
864 3266 952 3329 Arati
979 3266 1132 3329 historiam
1155 3267 1304 3346 pertinere,

143 3381 223 3455 puto.
248 3410 291 3420 -
314 3373 355 3438 Iis
378 3395 447 3440 vero
470 3377 614 3457 partibus,
641 3395 713 3456 quas
738 3377 825 3437 modo
853 3374 915 3436 dixi
938 3394 960 3436 c.
987 3372 1021 3448 3,
1048 3371 1082 3450 4,
1110 3371 1157 3447 6.,
1182 3372 1305 3447 omissis,

142 3480 279 3544 contiuua
303 3501 399 3546 rerum
422 3484 567 3546 enarratio
589 3483 657 3545 inde
681 3503 699 3543 a
722 3502 784 3562 cap.
802 3481 822 3544 2
842 3501 932 3564 usque
948 3482 986 3543 ad
1006 3479 1041 3555 9,
1064 3476 1107 3544 25
1126 3479 1303 3561 relinquitur,

143 3589 294 3670 quemad
318 3589 537 3652 commentarios
565 3591 604 3652 ab
629 3590 724 3651 Arato
755 3589 880 3669 scriptos
908 3589 1103 3649 revocandam
1131 3607 1194 3650 esse
1215 3605 1304 3667 supra

142 3695 371 3780 demonstravi.†
393 3694 494 3775 Atque
508 3715 526 3757 a
540 3715 602 3776 cap.
613 3694 643 3772 9,
656 3693 698 3759 25
709 3696 758 3758 ubl
769 3697 853 3758 haec:
865 3691 1095 3779 μικροπολῖται
1103 3688 1162 3774 γάρ
1175 3673 1261 3779 ἦσαν
1273 3740 1281 3754 .
1295 3739 1302 3754 .

244 3872 263 3908 4‘
280 3873 387 3928 Versus
415 3870 450 3925 ad
477 3868 620 3924 editionem
648 3870 768 3924 criticam
791 3885 870 3938 quarn
895 3868 924 3922 O.
952 3865 1071 3922 Sintenis
1094 3867 1301 3935 comparandam

141 3961 261 4030 curavit,
281 3959 439 4015 referuntur.

246 4047 395 4121 †Koeplre
412 4048 430 4105 l.
449 4047 467 4103 l.
486 4063 511 4115 p.
532 4049 574 4103 14.
593 4046 796 4103 commentarios
814 4045 934 4113 singulos
951 4043 1066 4114 libellos,
1086 4044 1183 4112 quibus
1200 4045 1301 4098 Aratus

139 4137 282 4207 opprobria
307 4136 442 4209 rejecerit,
465 4135 549 4191 fuisse
572 4143 647 4193 ratus
666 4151 690 4192 o.
708 4150 730 4190 e.
749 4135 871 4190 IV—IX
888 4138 916 4188 ct
933 4134 1180 4204 XVHI-XXIII,
1204 4131 1302 4202 quibus
