2856 4574
615 216 811 280 ..7-

94 441 96 445 ·
133 411 179 474 Ac
204 411 291 474 simili
319 413 404 474 modo
432 412 577 477 maximas
603 413 712 494 gratias
740 413 837 476 Arato
865 415 903 476 ab
926 411 1058 476 Achaeis
1086 414 1197 476 relatas
1225 433 1297 489 esse,

131 537 194 598 cap.
217 516 339 593 XXIV,
360 517 498 593 XXXV,
520 518 595 582 XLI
617 519 751 582 traditur.
798 521 845 582 De
868 520 975 584 eisdem
999 539 1068 582 vero
1091 519 1191 596 rebus,
1219 540 1294 601 quas

130 624 306 687 Plutarchus
335 645 396 706 cap.
421 624 594 689 IX-XIV
620 627 776 689 memoriae
810 626 924 707 prodit,
957 625 1058 688 Cicero
1092 626 1121 688 in
1152 625 1227 688 libro
1259 628 1295 689 de

130 732 232 793 officiis
258 729 303 806 H,
331 731 374 795 23
401 732 480 794 dicit.
528 733 575 795 Ac
608 733 733 812 primum
768 733 884 814 quidam
917 733 993 814 quod
1022 732 1123 796 Cicero
1155 733 1225 795 item
1257 734 1293 795 da

132 838 236 900 eadem
258 857 289 900 re
312 839 433 914 sentiat,
457 839 577 915 deinde,
600 840 675 921 qnod
699 839 823 902 eandem
844 848 1011 919 temporum
1034 839 1231 903 definitionem
1248 840 1294 904 in.

132 944 292 1018 veniamus,
312 945 338 1006 si
357 946 498 1026 seriptum
517 945 651 1026 legimus:
671 944 900 1027 „quinquaginta
920 943 1078 1025 annorum*
1097 944 1295 1027 possessiones

132 1070 188 1114 non
212 1051 297 1113 nimis
320 1072 444 1134 aequum
467 1055 671 1134 putabat...“
720 1052 824 1128 „Arat
847 1072 911 1132 cap.
934 1051 983 1115 IX
1005 1038 1054 1129 οἷς
1071 1046 1179 1134 μακροὶ
1202 1031 1246 1140 ἦν
1271 1049 1293 1140 ἦ

132 1153 242 1244 πλάνη
270 1154 323 1221 καὶ
346 1154 432 1239 ὁμοῦ
457 1182 487 1222 τι
514 1154 889 1246 πεντηκονταετής...“,
916 1168 978 1221 tum
1006 1159 1081 1241 quod
1103 1160 1215 1222 Aratus
1238 1180 1294 1222 nou

132 1263 227 1338 solos,
256 1265 323 1340 sed,
352 1265 514 1346 quindecim
538 1265 652 1329 civibus
679 1266 834 1340 adhibitis,
863 1264 1083 1328 controversias
1101 1265 1296 1348 composuisse

131 1371 246 1452 etipse
274 1369 329 1432 iter
356 1371 384 1432 in
408 1373 577 1455 Aegyptum
605 1372 707 1435 iecisse
734 1373 860 1448 dicatur,
887 1381 921 1435 ut
942 1371 1092 1453 pecuniam
1118 1382 1294 1453 procuraret,

132 1477 288 1539 cohaerere
309 1477 384 1539 inter
406 1497 438 1538 se
466 1478 665 1541 enarrationes
693 1488 723 1541 et
750 1480 839 1543 etiam
864 1498 914 1552 ea,
942 1498 1017 1559 quae
1043 1501 1062 1542 a
1084 1478 1220 1543 Cicerone
1245 1478 1293 1541 di-

130 1592 250 1657 euntur,
271 1603 287 1645 e
306 1584 517 1663 commentariis
535 1586 708 1648 demanasse
726 1594 803 1666 puto.
848 1583 983 1668 Denique
998 1583 1100 1648 Cicero
1118 1584 1165 1648 his
1180 1585 1293 1653 verbis:

133 1690 329 1772 „perfecitque
363 1690 554 1754 aestimandis
589 1692 832 1771 possessionibus,
865 1702 898 1755 ut
929 1693 1117 1773 persuaderet
1146 1691 1226 1766 aliis,
1261 1699 1295 1755 ut

131 1797 283 1878 pecuniam
307 1796 438 1877 accipere
461 1795 595 1874 mallent,
622 1799 857 1880 possessionibus
880 1799 1024 1874 cederent,
1053 1797 1131 1873 aliis,
1159 1807 1191 1860 ut
1213 1818 1294 1861 com·

132 1903 245 1966 modius
266 1911 416 1984 putarent,
439 1904 583 1968 numerari
607 1904 674 1979 sibi,
697 1906 773 1986 quod
792 1902 867 1968 tanti
886 1914 975 1980 esset,
998 1924 1084 1986 quam
1105 1925 1189 1967 suum
1207 1925 1293 1968 recu-

130 2015 251 2088 perare“
277 2046 320 2057 —
348 2031 406 2093 qua
432 2011 544 2074 ratione
570 2014 683 2076 Aratus
710 2033 779 2074 usus
805 2010 857 2087 sit,
884 2012 1033 2093 significat.
1079 2009 1165 2082 Quae
1191 2031 1237 2074 res
1264 2020 1294 2074 at

130 2117 329 2193 Plutarchum,
352 2116 401 2199 qui
424 2117 456 2178 id
478 2117 595 2194 omittit,
619 2127 648 2181 et
673 2118 854 2182 Pausaniam
876 2117 923 2194 Π,
947 2118 982 2194 8,
1009 2118 1058 2200 qui
1081 2137 1136 2181 non
1159 2127 1292 2181 accurate

130 2232 250 2298 narrat,
275 2224 400 2306 supplet.
424 2259 467 2270 —

235 2329 309 2411 Cap.
337 2329 402 2393 XV
431 2351 450 2392 a
478 2332 657 2407 Plutarcho,
690 2330 885 2412 Antigonum,
916 2340 950 2394 ut
979 2329 1105 2394 Aratum
1132 2331 1188 2394 sibi
1216 2349 1288 2394 con-

129 2437 264 2512 ciliaret,
290 2437 317 2499 si
341 2436 452 2512 minus,
482 2446 515 2500 ut
533 2439 571 2500 ab
594 2439 731 2522 Aegypto
754 2439 926 2513 discederet,
954 2436 1106 2500 calumniis
1130 2438 1291 2519 perliceret,

130 2563 250 2626 operam
284 2544 398 2606 dedisse
431 2553 576 2608 narrator.
622 2544 712 2617 Quod
743 2546 815 2608 haec
851 2552 1127 2619 commemorantur,
1162 2544 1290 2607 Aratum

127 2660 310 2713 narratorem
349 2669 427 2723 essa,
464 2650 619 2714 verisimile
655 2661 708 2714 est.
754 2651 874 2715 Certius
910 2657 1008 2713 autem
1042 2650 1127 2728 illud,
1159 2651 1290 2713 Aratum

127 2757 232 2831 officia,
267 2776 341 2838 quaa
375 2755 540 2835 Antigonus
574 2759 601 2819 ei
633 2757 826 2838 praestiterit,
867 2776 924 2820 non
967 2756 1092 2836 cupiisse
1127 2749 1225 2832 ἄλλας
1256 2775 1291 2820 τε

127 2861 378 2945 φιλανθρωπίας
401 2859 602 2927 ἐνεδείκνυτο
625 2859 657 2944 (n‘
677 2861 880 2946 Ἀντίγονος)
903 2859 950 2949 μή
974 2856 1063 2927 πάνυ
1086 2861 1288 2948 προςίεμὲνφ
1333 2925 1336 2931 .

128 2968 186 3055 (τῷ
206 2963 344 3053 Ἀράτῳ)
368 2970 406 3031 ιιι]
430 2971 654 3033 commentarios
677 2971 748 3033 mihi
770 2971 949 3033 referendum
973 2970 1182 3032 videturesse.
1207 3001 1249 3016 -·

234 3074 292 3138 Sed
317 3095 363 3137 res
382 3075 514 3139 Corinthi
532 3075 655 3160 lacta,†
679 3096 765 3158 quam
784 3077 957 3140 Plutarchus
975 3077 1059 3140 affert
1075 3076 1143 3139 inde
1160 3096 1180 3139 a
1195 3075 1292 3139 verbis

127 3179 180 3245 καὶ
201 3176 294 3248 θύων
318 3183 416 3256 θεοῖς
438 3179 473 3245 ἐν
494 3183 650 3268 Κορίνθῳ
673 3183 793 3245 obstare
815 3182 945 3257 videtur,
969 3202 1019 3258 ne,
1047 3183 1085 3245 ab
1109 3184 1204 3245 Arato
1227 3181 1290 3264 ipso

126 3288 266 3351 traditam
294 3307 361 3350 eam
391 3309 454 3351 esne
480 3291 640 3353 credamus.
685 3290 734 3352 Ea
761 3288 838 3352 enim
866 3289 977 3352 Aratus
1009 3287 1134 3352 ludibrio
1165 3288 1290 3351 habetur

232 3534 393 3605 *Droysen
415 3534 459 3588 III
481 3547 507 3601 p.
531 3537 584 3591 342
612 3538 760 3602 temporum
787 3530 950 3586 definitionis
972 3531 1102 3586 rationem
1130 3549 1184 3589 non
1207 3532 1290 3589 babet

126 3625 178 3681 251
190 3622 222 3688 ·l·
233 3626 383 3692 50:301,
393 3638 447 3691 quo
457 3639 528 3678 anno
537 3639 656 3692 pugnam
666 3621 738 3690 apud
748 3623 839 3690 Ipsum
848 3620 1015 3676 commissam
1025 3635 1085 3676 esse
1093 3621 1291 3695 ratiocinamur.

231 3711 251 3780 †
269 3711 392 3781 Droyson
404 3713 448 3766 HI
459 3728 484 3780 p.
498 3715 552 3769 410
565 3711 628 3766 mihi
637 3711 744 3766 videtur
755 3724 855 3779 errare,
868 3709 941 3779 quod
952 3709 1089 3765 Plutarchi
1101 3711 1289 3766 auctoritatem

129 3814 246 3869 sequens
265 3799 398 3868 Antigoni
417 3801 594 3868 praesentiam
607 3798 740 3868 Corinthi,
760 3814 829 3868 quae
847 3798 898 3854 boc
915 3798 1003 3867 capite
1021 3796 1205 3868 confirmatur,
1225 3804 1290 3855 anto

128 3893 239 3944 mortem
257 3887 404 3943 Alexandri
417 3889 500 3956 ponit.
536 3890 630 3958 Neque
641 3888 719 3957 enim,
739 3903 798 3942 cum
812 3887 965 3945 Alexander
983 3902 1043 3942 eum
1057 3886 1196 3956 Antigono
1212 3886 1289 3943 dissi·

126 3975 193 4032 dans
212 3982 240 4032 et
259 3976 367 4032 tandem
386 3992 446 4032 cum
466 3975 582 4032 Achaeis
601 3977 760 4047 conjunctus
778 3982 852 4032 esset
875 3979 941 4045 (cap.
960 3976 1046 4031 XVII
1063 3981 1092 4030 et
1109 3977 1231 4046 XVIII),
1256 3975 1289 4031 iis

127 4065 293 4134 temporibus
316 4065 483 4136 Antigonum
510 4064 630 4121 GorInthi
651 4064 688 4118 ad
711 4063 805 4135 fulsse,
829 4071 858 4120 et
879 4066 929 4135 ita,
953 4071 983 4119 ut
1007 4063 1167 4120 Plutarchus
1189 4070 1290 4133 narrat,

124 4153 291 4211 dominatum
309 4168 382 4224 esse,
401 4159 496 4224 putare
514 4169 666 4224 possumus.
685 4186 719 4197 -
1186 4175 1192 4184 ·
