2856 4574
575 215 797 283 ..57-

95 414 253 485 Cleomeni
268 412 415 489 nocuisse,
438 431 495 495 quo
509 415 601 479 Arati
616 414 793 496 probitatem
809 413 914 496 agendi
929 415 969 477 ad
983 413 1076 477 lucem
1091 413 1269 496 prodidisse,

94 523 258 587 credamus
290 526 415 601 oportet.
465 521 513 584 Ne
549 520 682 585 dubitari
707 521 814 602 possit,
856 520 946 595 unde,
985 538 1060 602 quac
1094 523 1268 597 referuntur,

95 630 212 693 hausta
236 627 310 701 sint,
340 625 517 691 Plutarchus
543 628 607 709 ipse
639 628 730 690 raba
757 626 846 689 Arati
873 646 890 688 e
920 626 1138 690 commentariis
1171 627 1265 692 allata

93 735 181 799 addit
205 733 316 797 Cleom.
339 729 435 807 XIX,
458 733 493 800 2:
518 730 766 815 ἀποκρίνασθαι
793 729 831 798 δὲ
857 727 955 798 αὐτόν
986 729 1029 809 ὥς
1052 729 1114 800 oria
1140 728 1270 814 ἔχειτὰ

13 902 19 909 .
98 836 273 925 πράγματα
290 837 418 920 μᾶλλον
440 834 478 903 δὲ
503 836 570 906 ὑπὸ
585 841 648 904 reio
672 835 867 922 πραγμάτων
892 835 1023 921 exea·
1041 840 1139 906 caira
1161 835 1223 923 μὲν
1246 836 1267 905 ri

93 942 236 1035 ’Ἄρατος
257 945 407 1030 γέγραφε.
423 980 466 992 -

206 1052 382 1116 Varietates
397 1052 611 1116 enarrationem
628 1052 777 1135 utriusque
789 1051 869 1115 vitae
883 1052 913 1116 in
923 1050 1136 1116 ordinererum
1149 1053 1266 1135 positae

59 1222 75 1243 ,
99 1171 183 1238 sunt,
206 1159 256 1242 qui
273 1159 305 1221 in
320 1159 485 1223 Cleomenis
501 1159 563 1222 vita
582 1160 621 1222 ad
636 1159 830 1222 Plutarchum
851 1159 947 1241 ipsum
967 1160 1135 1223 referendus
1152 1160 1268 1224 ridetur

100 1288 174 1333 esse.
222 1263 310 1337 Quod
331 1264 374 1327 ibi
395 1265 537 1346 scriptum
559 1266 705 1342 videmus,
727 1266 913 1329 Cleomenem
936 1264 1065 1330 Aratum
1086 1284 1268 1348 corrumpere

96 1382 239 1441 meatum
257 1391 338 1446 esse,
355 1378 392 1441 ¹ut
406 1371 462 1434 sibi
479 1372 707 1436 Acrocorinthos
722 1372 900 1448 traderetur,
915 1373 1083 1455 priusquam
1093 1373 1267 1438 Corinthum

97 1483 255 1562 ingressus
265 1487 304 1542 et
321 1478 490 1560 prinsquam
507 1479 619 1542 obsidio
638 1478 714 1541 arcis
729 1477 844 1559 incepto
858 1487 951 1554 esset,
974 1499 1028 1560 per
1046 1500 1080 1543 se
1093 1479 1264 1542 incredibile

102 1596 162 1651 est.
184 1586 284 1675 ltaque
299 1585 487 1660 Cleomenes,
511 1605 543 1648 se
558 1586 627 1666 quid
641 1585 680 1649 ab
697 1585 805 1660 Arato,
827 1586 869 1647 ab
882 1585 999 1649 inimico
1011 1585 1266 1653 otheneshaim

106 1694 278 1775 adepturum
300 1713 377 1768 esse,
399 1711 519 1773 sperare
541 1692 654 1772 potuit·
691 1690 740 1755 Illi
762 1693 962 1774 corrumpendi
984 1699 1109 1757 conatur
1130 1700 1198 1757 sunt
1212 1711 1267 1756 orr-

106 1808 218 1865 tremaa
241 1818 303 1875 res,
329 1819 403 1880 quas
426 1799 599 1862 Cleomenes
626 1799 721 1862 lacere
747 1818 804 1861 non
830 1785 928 1880 potnit
954 1799 1011 1862 nisi
1036 1819 1118 1876 cnm,
1145 1816 1179 1861 ee
1205 1799 1266 1862 alio

104 1908 208 1983 modo,
234 1907 304 1989 quid
332 1907 436 1981 vellet,
462 1907 636 1986 adepturum
663 1927 729 1969 ease
756 1925 814 1968 non
842 1908 991 1988 sperabat.
1037 1908 1115 1988 Ergo
1141 1907 1266 1988 primm

100 2013 260 2096 descriptio
292 2013 453 2076 obsidionis
487 2013 592 2076 deinde
623 2013 665 2075 illi
697 2023 820 2076 conatus
856 2015 982 2095 ponendi
1026 2023 1104 2078 sunt.
1152 2014 1267 2078 Eodem

97 2121 201 2195 modo,
223 2119 399 2200 legationem
422 2119 578 2201 Megistoni
599 2121 765 2201 ponendam
788 2141 853 2184 esse
873 2128 949 2184 ante·
964 2140 1028 2197 res,
1052 2120 1157 2207 quibus
1179 2119 1267 2188 Cleo-

99 2246 201 2290 menes
217 2226 391 2290 Corinthum
414 2227 579 2306 ingrediens
595 2227 721 2290 Aratum
744 2226 805 2290 sibi
822 2227 976 2290 conciliare
990 2227 1132 2291 studebat
1152 2228 1267 2291 eedsn

102 2353 165 2398 non
179 2351 347 2414 pessume.
385 2333 502 2415 Neque,
519 2342 587 2396 ante
602 2332 773 2417 Tripylum*
788 2334 986 2414 Megistonum
1003 2334 1130 2415 legatum
1144 2335 1267 2398 missum

107 2460 185 2516 essa,
211 2439 351 2505 credibile
372 2448 427 2502 est.
473 2440 568 2503 Arato
591 2439 671 2503 enim
693 2459 752 2504 non
774 2440 886 2516 minus,
913 2459 1004 2521 quam
1026 2440 1176 2505 Cleomeni
1197 2458 1267 2522 pro-

102 2545 229 2627 pinquus
250 2553 316 2610 erat
337 2548 521 2628 Megistonus
543 2544 675 2632 (Cleom.
699 2546 755 2613 VI.
776 2546 888 2628 XXI.)
911 2547 960 2609 cui
983 2546 1118 2611 ultimam
1144 2554 1176 2610 et
1197 2564 1266 2627 gra-
1378 2542 1382 2549 '

102 2652 257 2719 animm
290 2653 467 2735 legationem
500 2654 687 2719 commissam
715 2675 779 2718 esse
804 2654 997 2736 conjiciamus
1020 2660 1146 2736 oportet.
1186 2653 1266 2721 ‘Cim

99 2762 175 2825 haec
196 2758 307 2842 legatio
329 2780 387 2823 nou
409 2760 600 2825 successisset
624 2761 675 2825 vix
696 2762 773 2825 alter
794 2762 930 2836 idonens,
959 2760 1009 2843 qui
1031 2796 1076 2811 -
1097 2767 1133 2824 ut
1152 2760 1203 2824 illo
1221 2794 1266 2813 -u

102 2866 277 2945 legationem
304 2867 412 2943 obiret,
438 2874 501 2930 tam
529 2867 631 2948 gravia
656 2869 798 2931 mandata
824 2868 959 2950 accipere
980 2867 1085 2950 potuit.
1109 2903 1154 2918 --
1176 2865 1266 2940 Quod

105 2971 234 3050 pertinet
257 2972 295 3035 ad
322 2973 487 3039 Cleomenis
517 2975 742 3056 postulationes,
770 2975 838 3038 illae
865 2975 1023 3038 relationes
1050 2994 1083 3037 se
1109 2973 1264 3055 complent.

108 3077 144 3141 Si
167 3077 280 3142 Cleom.
301 3098 355 3161 cap
376 3079 470 3156 XIX,
494 3081 514 3145 2
538 3082 701 3163 sequimur,
724 3081 850 3163 primum
871 3081 1090 3163 postulabatur,
1113 3088 1147 3144 ut
1169 3081 1264 3144 Aeru-

103 3183 259 3249 corinthus
286 3186 454 3252 traderetur.
502 3188 606 3251 Altera
628 3188 787 3268 legatione,
816 3197 851 3252 ut
877 3207 993 3251 snmrna
1018 3185 1133 3268 imperii
1157 3185 1264 3269 jusque

96 3290 307 3356 Acrocorinthi
329 3313 388 3357 una
403 3314 467 3357 cum
484 3295 613 3358 Achaeis
635 3295 781 3375 praesidio
804 3295 987 3376 occupandae
1009 3295 1140 3369 daretur,
1162 3296 1264 3376 poect-

97 3399 202 3473 batur,
226 3398 254 3461 id
277 3401 357 3482 qnod
380 3418 418 3462 ex
440 3400 552 3465 Cleom.
575 3399 672 3476 XIX,
696 3400 717 3464 3
741 3409 772 3465 et
791 3403 879 3465 Aret.
895 3399 972 3466 XLI
994 3400 1149 3481 colligitur.
1187 3400 1265 3467 Arce

96 3514 196 3569 autem
211 3505 348 3571 Corinthi
362 3515 518 3588 occupata,
542 3513 575 3571 nt
591 3516 673 3570 erant
691 3527 738 3570 res
754 3507 811 3571 illis
830 3507 1025 3590 temporibus,
1046 3507 1265 3590 Peloponnesus

97 3612 161 3675 eine
183 3612 247 3675 ulla
269 3612 438 3676 condicione
461 3613 610 3677 Cleomeni
636 3613 747 3677 tradita
774 3615 983 3696 imperiumque
1006 3616 1032 3678 ei
1054 3623 1166 3679 certum
1189 3621 1262 3678 erat.

96 3718 166 3781 Etsi
195 3719 286 3800 igitur
313 3718 390 3781 inter
416 3719 479 3796 illa,
507 3741 582 3802 quae
609 3721 736 3801 primum
763 3722 1002 3803 postulabantur,
1027 3720 1180 3803 imperinm
1206 3741 1263 3784 non

95 3826 321 3902 nominabatur,
344 3835 442 3891 tamen
465 3828 672 3908 comprehendi
696 3828 751 3892 hoc
773 3828 830 3892 illis
853 3830 1018 3910 oportebat.
1042 3865 1084 3875 -
1182 3838 1185 3843 ’

205 3963 313 4020 *Loco
339 3966 455 4022 nominis
476 3965 629 4038 Tritymalli
655 3965 710 4037 (cfr.
735 3966 902 4023 Schoemann
926 3968 1017 4024 Cleorn
1042 3983 1101 4037 cap.
1125 3968 1205 4037 XIX,
1234 3967 1263 4036 2>

94 4069 169 4124 pono
185 4069 222 4111 ex
239 4053 316 4111 Arati
333 4068 392 4124 cap.
411 4055 476 4113 XLI
493 4055 642 4127 Tripylum.
679 4054 761 4112 Error
776 4057 849 4111 enim
866 4055 1016 4124 Plutarchi,
1035 4070 1118 4125 quum
1136 4055 1262 4114 hocloco

93 4141 300 4214 perturbatione
318 4159 373 4201 non
390 4143 539 4218 abstineat,
557 4143 778 4204 veremudum
795 4150 848 4206 ott.
