<?xml version="1.0" encoding="UTF-8"?>
<!DOCTYPE html PUBLIC "-//W3C//DTD XHTML 1.0 Transitional//EN"
    "http://www.w3.org/TR/xhtml1/DTD/xhtml1-transitional.dtd">
<html xmlns="http://www.w3.org/1999/xhtml" xml:lang="en" lang="en">
 <head>
  <title>
</title>
<meta http-equiv="Content-Type" content="text/html;charset=utf-8" />
  <meta name='ocr-system' content='tesseract 3.04.00' />
  <meta name='ocr-capabilities' content='ocr_page ocr_carea ocr_par ocr_line ocrx_word'/>
</head>
<body>
  <div class='ocr_page' id='page_1' title='image "./quibusfontibusp00goltgoog_0037.png"; bbox 0 0 2856 4574; ppageno 0'>
   <div class='ocr_carea' id='block_1_1' title="bbox 500 161 834 227">
    <p class='ocr_par' dir='ltr' id='par_1_1' title="bbox 500 161 834 227">
     <span class='ocr_line' id='line_1_1' title="bbox 500 161 834 227; baseline 0.024 -8"><span class='ocrx_word' id='word_1_1' title='bbox 500 161 834 227; x_wconf 78' lang='lat'>.-26-</span> 
     </span>
    </p>
   </div>
   <div class='ocr_carea' id='block_1_2' title="bbox 130 341 1341 3408">
    <p class='ocr_par' dir='ltr' id='par_1_2' title="bbox 131 341 1303 952">
     <span class='ocr_line' id='line_1_2' title="bbox 133 341 1296 440; baseline 0.005 -24"><span class='ocrx_word' id='word_1_2' title='bbox 133 355 209 417; x_wconf 90' lang='lat' dir='ltr'><strong>enim</strong></span> <span class='ocrx_word' id='word_1_3' title='bbox 227 341 353 419; x_wconf 87' lang='lat' dir='ltr'><strong>reditum</strong></span> <span class='ocrx_word' id='word_1_4' title='bbox 367 356 550 420; x_wconf 79' lang='lat' dir='ltr'><strong>Archidamo</strong></span> <span class='ocrx_word' id='word_1_5' title='bbox 569 357 663 438; x_wconf 86' lang='lat' dir='ltr'><strong>magis</strong></span> <span class='ocrx_word' id='word_1_6' title='bbox 677 357 823 435; x_wconf 81' lang='lat' dir='ltr'><strong>timuisse,</strong></span> <span class='ocrx_word' id='word_1_7' title='bbox 847 378 934 440; x_wconf 86' lang='lat' dir='ltr'><strong>quam</strong></span> <span class='ocrx_word' id='word_1_8' title='bbox 949 358 1071 440; x_wconf 85' lang='lat' dir='ltr'><strong>cupiisse</strong></span> <span class='ocrx_word' id='word_1_9' title='bbox 1086 360 1296 423; x_wconf 75' lang='lat' dir='ltr'><strong>concludamus</strong></span> 
     </span>
     <span class='ocr_line' id='line_1_3' title="bbox 134 463 1299 547; baseline 0.005 -24"><span class='ocrx_word' id='word_1_10' title='bbox 134 482 255 524; x_wconf 88' lang='lat' dir='ltr'><strong>necesse</strong></span> <span class='ocrx_word' id='word_1_11' title='bbox 279 471 339 538; x_wconf 90' lang='lat' dir='ltr'><strong>est,</strong></span> <span class='ocrx_word' id='word_1_12' title='bbox 361 484 463 545; x_wconf 92' lang='lat' dir='ltr'><strong>quum,</strong></span> <span class='ocrx_word' id='word_1_13' title='bbox 485 482 522 526; x_wconf 93' lang='lat' dir='ltr'><strong>ne</strong></span> <span class='ocrx_word' id='word_1_14' title='bbox 542 463 640 527; x_wconf 85' lang='lat' dir='ltr'><strong>omnia</strong></span> <span class='ocrx_word' id='word_1_15' title='bbox 663 465 783 528; x_wconf 89' lang='lat' dir='ltr'><strong>consilia</strong></span> <span class='ocrx_word' id='word_1_16' title='bbox 804 486 870 542; x_wconf 90' lang='lat' dir='ltr'><strong>sna,</strong></span> <span class='ocrx_word' id='word_1_17' title='bbox 892 465 997 547; x_wconf 91' lang='lat' dir='ltr'><strong>quibus</strong></span> <span class='ocrx_word' id='word_1_18' title='bbox 1020 466 1244 530; x_wconf 75' lang='lat' dir='ltr'><strong>dominationem</strong></span> <span class='ocrx_word' id='word_1_19' title='bbox 1267 487 1299 530; x_wconf 90' lang='lat' dir='ltr'><strong>se</strong></span> 
     </span>
     <span class='ocr_line' id='line_1_4' title="bbox 132 569 1302 651; baseline 0.007 -22"><span class='ocrx_word' id='word_1_20' title='bbox 132 569 302 648; x_wconf 87' lang='lat' dir='ltr'><strong>adepturum</strong></span> <span class='ocrx_word' id='word_1_21' title='bbox 326 591 390 633; x_wconf 92' lang='lat' dir='ltr'><strong>esse</strong></span> <span class='ocrx_word' id='word_1_22' title='bbox 412 577 557 651; x_wconf 82' lang='lat' dir='ltr'>speraret,</span> <span class='ocrx_word' id='word_1_23' title='bbox 584 570 761 646; x_wconf 88' lang='lat' dir='ltr'><strong>delerentur,</strong></span> <span class='ocrx_word' id='word_1_24' title='bbox 784 572 811 635; x_wconf 87' lang='lat' dir='ltr'><strong>ei</strong></span> <span class='ocrx_word' id='word_1_25' title='bbox 835 574 1021 635; x_wconf 91' lang='lat' dir='ltr'><strong>metuendum</strong></span> <span class='ocrx_word' id='word_1_26' title='bbox 1044 579 1118 634; x_wconf 87' lang='lat' dir='ltr'><strong>erat.</strong></span> <span class='ocrx_word' id='word_1_27' title='bbox 1169 571 1240 644; x_wconf 82' lang='lat' dir='ltr'><strong>Qua</strong></span> <span class='ocrx_word' id='word_1_28' title='bbox 1263 575 1302 637; x_wconf 94' lang='lat' dir='ltr'><strong>de</strong></span> 
     </span>
     <span class='ocr_line' id='line_1_5' title="bbox 135 677 1303 762; baseline 0.006 -26"><span class='ocrx_word' id='word_1_29' title='bbox 135 695 228 737; x_wconf 90' lang='lat' dir='ltr'><strong>causa</strong></span> <span class='ocrx_word' id='word_1_30' title='bbox 250 695 330 738; x_wconf 87' lang='lat' dir='ltr'><strong>mors</strong></span> <span class='ocrx_word' id='word_1_31' title='bbox 346 677 521 740; x_wconf 84' lang='lat' dir='ltr'><strong>Archidami</strong></span> <span class='ocrx_word' id='word_1_32' title='bbox 536 677 666 739; x_wconf 84' lang='lat' dir='ltr'><strong>maxime</strong></span> <span class='ocrx_word' id='word_1_33' title='bbox 688 679 818 741; x_wconf 88' lang='lat' dir='ltr'><strong>consiliis</strong></span> <span class='ocrx_word' id='word_1_34' title='bbox 834 679 912 742; x_wconf 89' lang='lat' dir='ltr'><strong>illius</strong></span> <span class='ocrx_word' id='word_1_35' title='bbox 927 677 1090 742; x_wconf 87' lang='lat' dir='ltr'><strong>necessaria</strong></span> <span class='ocrx_word' id='word_1_36' title='bbox 1112 688 1184 753; x_wconf 89' lang='lat' dir='ltr'><strong>erat,</strong></span> <span class='ocrx_word' id='word_1_37' title='bbox 1208 701 1303 762; x_wconf 90' lang='lat' dir='ltr'><strong>neque</strong></span> 
     </span>
     <span class='ocr_line' id='line_1_6' title="bbox 134 782 1303 868; baseline 0.003 -22"><span class='ocrx_word' id='word_1_38' title='bbox 134 782 305 846; x_wconf 82' lang='lat' dir='ltr'><strong>Cleomenes</strong></span> <span class='ocrx_word' id='word_1_39' title='bbox 327 782 353 845; x_wconf 90' lang='lat' dir='ltr'><strong>is</strong></span> <span class='ocrx_word' id='word_1_40' title='bbox 376 793 455 857; x_wconf 89' lang='lat' dir='ltr'><strong>erat,</strong></span> <span class='ocrx_word' id='word_1_41' title='bbox 487 785 536 867; x_wconf 90' lang='lat' dir='ltr'><strong>qui</strong></span> <span class='ocrx_word' id='word_1_42' title='bbox 564 784 601 846; x_wconf 91' lang='lat' dir='ltr'><strong>de</strong></span> <span class='ocrx_word' id='word_1_43' title='bbox 627 784 767 861; x_wconf 76' lang='lat' dir='ltr'><strong>facinore,</strong></span> <span class='ocrx_word' id='word_1_44' title='bbox 793 786 871 867; x_wconf 92' lang='lat' dir='ltr'><strong>quod</strong></span> <span class='ocrx_word' id='word_1_45' title='bbox 898 785 1020 848; x_wconf 75' lang='lat' dir='ltr'><strong>utilitati</strong></span> <span class='ocrx_word' id='word_1_46' title='bbox 1037 784 1064 847; x_wconf 87' lang='lat' dir='ltr'><strong>ei</strong></span> <span class='ocrx_word' id='word_1_47' title='bbox 1086 805 1151 848; x_wconf 89' lang='lat' dir='ltr'><strong>esse</strong></span> <span class='ocrx_word' id='word_1_48' title='bbox 1172 795 1303 868; x_wconf 87' lang='lat' dir='ltr'><strong>poterat,</strong></span> 
     </span>
     <span class='ocr_line' id='line_1_7' title="bbox 131 889 404 952; baseline 0.011 -2"><span class='ocrx_word' id='word_1_49' title='bbox 131 889 329 952; x_wconf 84' lang='lat' dir='ltr'><strong>deterreretur.</strong></span> <span class='ocrx_word' id='word_1_50' title='bbox 361 926 404 938; x_wconf 87' lang='lat'><strong>—-</strong></span> 
     </span>
    </p>

    <p class='ocr_par' dir='ltr' id='par_1_3' title="bbox 131 995 1341 2248">
     <span class='ocr_line' id='line_1_8' title="bbox 239 995 1302 1080; baseline 0.003 -21"><span class='ocrx_word' id='word_1_51' title='bbox 239 997 372 1078; x_wconf 86' lang='lat' dir='ltr'><strong>Droysen</strong></span> <span class='ocrx_word' id='word_1_52' title='bbox 402 995 475 1078; x_wconf 84' lang='lat' dir='ltr'><strong>(HI,</strong></span> <span class='ocrx_word' id='word_1_53' title='bbox 509 996 529 1060; x_wconf 79' lang='grc'>2</span> <span class='ocrx_word' id='word_1_54' title='bbox 562 1016 592 1077; x_wconf 89' lang='lat' dir='ltr'><strong>p.</strong></span> <span class='ocrx_word' id='word_1_55' title='bbox 622 995 678 1073; x_wconf 80' lang='grc'><strong>84)</strong></span> <span class='ocrx_word' id='word_1_56' title='bbox 706 996 838 1080; x_wconf 91' lang='lat' dir='ltr'><strong>quidem,</strong></span> <span class='ocrx_word' id='word_1_57' title='bbox 865 998 1050 1063; x_wconf 83' lang='lat' dir='ltr'><strong>Cleomenem</strong></span> <span class='ocrx_word' id='word_1_58' title='bbox 1078 1017 1130 1079; x_wconf 86' lang='lat' dir='ltr'><strong>pro</strong></span> <span class='ocrx_word' id='word_1_59' title='bbox 1164 998 1243 1062; x_wconf 91' lang='lat' dir='ltr'><strong>bona</strong></span> <span class='ocrx_word' id='word_1_60' title='bbox 1270 1019 1302 1062; x_wconf 90' lang='lat' dir='ltr'><strong>re</strong></span> 
     </span>
     <span class='ocr_line' id='line_1_9' title="bbox 133 1103 1300 1181; baseline 0.006 -19"><span class='ocrx_word' id='word_1_61' title='bbox 133 1110 256 1163; x_wconf 89' lang='lat' dir='ltr'><strong>mortem</strong></span> <span class='ocrx_word' id='word_1_62' title='bbox 277 1103 449 1165; x_wconf 83' lang='lat' dir='ltr'><strong>Archidami</strong></span> <span class='ocrx_word' id='word_1_63' title='bbox 470 1104 594 1178; x_wconf 89' lang='lat' dir='ltr'><strong>obiisse,</strong></span> <span class='ocrx_word' id='word_1_64' title='bbox 618 1105 817 1167; x_wconf 90' lang='lat' dir='ltr'><strong>demonstrare</strong></span> <span class='ocrx_word' id='word_1_65' title='bbox 840 1112 973 1181; x_wconf 83' lang='lat' dir='ltr'><strong>conatur3</strong></span> <span class='ocrx_word' id='word_1_66' title='bbox 996 1103 1065 1167; x_wconf 89' lang='lat' dir='ltr'><strong>dicit</strong></span> <span class='ocrx_word' id='word_1_67' title='bbox 1087 1111 1185 1167; x_wconf 87' lang='lat' dir='ltr'><strong>autem</strong></span> <span class='ocrx_word' id='word_1_68' title='bbox 1209 1106 1300 1169; x_wconf 88' lang='lat' dir='ltr'><strong>haec:</strong></span> 
     </span>
     <span class='ocr_line' id='line_1_10' title="bbox 136 1198 1341 1292; baseline 0.005 -22"><span class='ocrx_word' id='word_1_69' title='bbox 136 1206 249 1282; x_wconf 90' lang='lat' dir='ltr'><strong>„Jeoen</strong></span> <span class='ocrx_word' id='word_1_70' title='bbox 279 1211 367 1272; x_wconf 89' lang='lat' dir='ltr'><strong>Mord</strong></span> <span class='ocrx_word' id='word_1_71' title='bbox 397 1211 473 1273; x_wconf 88' lang='lat' dir='ltr'><strong>auch</strong></span> <span class='ocrx_word' id='word_1_72' title='bbox 506 1211 569 1274; x_wconf 90' lang='lat' dir='ltr'><strong>dies</strong></span> <span class='ocrx_word' id='word_1_73' title='bbox 604 1212 760 1274; x_wconf 83' lang='lat' dir='ltr'><strong>schwerste</strong></span> <span class='ocrx_word' id='word_1_74' title='bbox 789 1211 881 1292; x_wconf 85' lang='lat' dir='ltr'><strong>Optcr</strong></span> <span class='ocrx_word' id='word_1_75' title='bbox 908 1211 1028 1273; x_wconf 88' lang='lat' dir='ltr'><strong>brachte</strong></span> <span class='ocrx_word' id='word_1_76' title='bbox 1056 1231 1102 1287; x_wconf 90' lang='lat' dir='ltr'><strong>er,</strong></span> <span class='ocrx_word' id='word_1_77' title='bbox 1135 1213 1210 1274; x_wconf 87' lang='lat' dir='ltr'><strong>anch</strong></span> <span class='ocrx_word' id='word_1_78' title='bbox 1243 1214 1300 1276; x_wconf 89' lang='lat' dir='ltr'><strong>den</strong></span> <span class='ocrx_word' id='word_1_79' title='bbox 1335 1198 1341 1212; x_wconf 61' lang='lat'>⁸</span> 
     </span>
     <span class='ocr_line' id='line_1_11' title="bbox 135 1313 1300 1412; baseline 0.004 -34"><span class='ocrx_word' id='word_1_80' title='bbox 135 1313 244 1378; x_wconf 88' lang='lat' dir='ltr'><strong>Schein</strong></span> <span class='ocrx_word' id='word_1_81' title='bbox 268 1317 523 1380; x_wconf 81' lang='lat' dir='ltr'><strong>verrtttherischer</strong></span> <span class='ocrx_word' id='word_1_82' title='bbox 544 1317 691 1397; x_wconf 80' lang='lat' dir='ltr'><strong>Vertrltge</strong></span> <span class='ocrx_word' id='word_1_83' title='bbox 712 1317 802 1379; x_wconf 91' lang='lat' dir='ltr'><strong>nahm</strong></span> <span class='ocrx_word' id='word_1_84' title='bbox 826 1337 858 1380; x_wconf 90' lang='lat' dir='ltr'><strong>er</strong></span> <span class='ocrx_word' id='word_1_85' title='bbox 879 1319 954 1380; x_wconf 78' lang='lat' dir='ltr'><strong>iiber</strong></span> <span class='ocrx_word' id='word_1_86' title='bbox 976 1318 1087 1382; x_wconf 89' lang='lat' dir='ltr'><strong>sich..</strong></span> <span class='ocrx_word' id='word_1_87' title='bbox 1107 1324 1133 1378; x_wconf 89' lang='lat'><strong>.“</strong></span> <span class='ocrx_word' id='word_1_88' title='bbox 1159 1319 1220 1382; x_wconf 87' lang='lat' dir='ltr'><strong>Sed</strong></span> <span class='ocrx_word' id='word_1_89' title='bbox 1242 1340 1300 1412; x_wconf 82' lang='lat' dir='ltr'><strong>non</strong></span> 
     </span>
     <span class='ocr_line' id='line_1_12' title="bbox 132 1423 1301 1508; baseline 0.007 -26"><span class='ocrx_word' id='word_1_90' title='bbox 132 1430 198 1483; x_wconf 88' lang='lat' dir='ltr'><strong>erat</strong></span> <span class='ocrx_word' id='word_1_91' title='bbox 231 1423 417 1498; x_wconf 78' lang='lat' dir='ltr'><strong>Cleomenes,</strong></span> <span class='ocrx_word' id='word_1_92' title='bbox 450 1424 498 1505; x_wconf 90' lang='lat' dir='ltr'><strong>qni</strong></span> <span class='ocrx_word' id='word_1_93' title='bbox 531 1424 610 1487; x_wconf 90' lang='lat' dir='ltr'><strong>mala</strong></span> <span class='ocrx_word' id='word_1_94' title='bbox 642 1443 735 1506; x_wconf 87' lang='lat' dir='ltr'><strong>aequo</strong></span> <span class='ocrx_word' id='word_1_95' title='bbox 766 1424 864 1488; x_wconf 85' lang='lat' dir='ltr'><strong>animo</strong></span> <span class='ocrx_word' id='word_1_96' title='bbox 891 1427 987 1487; x_wconf 85' lang='lat' dir='ltr'><strong>terret.</strong></span> <span class='ocrx_word' id='word_1_97' title='bbox 1035 1424 1158 1487; x_wconf 87' lang='lat' dir='ltr'><strong>Summo</strong></span> <span class='ocrx_word' id='word_1_98' title='bbox 1191 1426 1301 1508; x_wconf 89' lang='lat' dir='ltr'><strong>ingenii</strong></span> 
     </span>
     <span class='ocr_line' id='line_1_13' title="bbox 132 1528 1301 1613; baseline 0.008 -25"><span class='ocrx_word' id='word_1_99' title='bbox 132 1528 280 1604; x_wconf 87' lang='lat' dir='ltr'><strong>acumine,</strong></span> <span class='ocrx_word' id='word_1_100' title='bbox 302 1530 467 1593; x_wconf 91' lang='lat' dir='ltr'><strong>constantia</strong></span> <span class='ocrx_word' id='word_1_101' title='bbox 490 1532 588 1594; x_wconf 90' lang='lat' dir='ltr'><strong>omnia</strong></span> <span class='ocrx_word' id='word_1_102' title='bbox 610 1531 783 1613; x_wconf 87' lang='lat' dir='ltr'><strong>negligente,</strong></span> <span class='ocrx_word' id='word_1_103' title='bbox 806 1551 920 1595; x_wconf 89' lang='lat' dir='ltr'><strong>summa</strong></span> <span class='ocrx_word' id='word_1_104' title='bbox 941 1532 1055 1613; x_wconf 87' lang='lat' dir='ltr'><strong>imperii</strong></span> <span class='ocrx_word' id='word_1_105' title='bbox 1077 1531 1240 1612; x_wconf 90' lang='lat' dir='ltr'><strong>cupiditate</strong></span> <span class='ocrx_word' id='word_1_106' title='bbox 1261 1535 1301 1597; x_wconf 90' lang='lat' dir='ltr'><strong>ad</strong></span> 
     </span>
     <span class='ocr_line' id='line_1_14' title="bbox 132 1637 1302 1722; baseline 0.009 -28"><span class='ocrx_word' id='word_1_107' title='bbox 132 1653 180 1695; x_wconf 90' lang='lat' dir='ltr'><strong>res</strong></span> <span class='ocrx_word' id='word_1_108' title='bbox 213 1638 354 1716; x_wconf 88' lang='lat' dir='ltr'><strong>gerendas</strong></span> <span class='ocrx_word' id='word_1_109' title='bbox 388 1638 560 1703; x_wconf 79' lang='lat' dir='ltr'><strong>ducebatur.</strong></span> <span class='ocrx_word' id='word_1_110' title='bbox 605 1639 707 1719; x_wconf 89' lang='lat' dir='ltr'><strong>Neque</strong></span> <span class='ocrx_word' id='word_1_111' title='bbox 744 1638 827 1701; x_wconf 89' lang='lat' dir='ltr'><strong>illam</strong></span> <span class='ocrx_word' id='word_1_112' title='bbox 864 1639 1045 1701; x_wconf 89' lang='lat' dir='ltr'><strong>clementiam</strong></span> <span class='ocrx_word' id='word_1_113' title='bbox 1079 1637 1302 1722; x_wconf 84' lang='lat' dir='ltr'><strong>levitatemque,</strong></span> 
     </span>
     <span class='ocr_line' id='line_1_15' title="bbox 133 1741 1299 1827; baseline 0.004 -23"><span class='ocrx_word' id='word_1_114' title='bbox 133 1741 237 1823; x_wconf 88' lang='lat' dir='ltr'><strong>quibus</strong></span> <span class='ocrx_word' id='word_1_115' title='bbox 260 1742 338 1823; x_wconf 86' lang='lat' dir='ltr'><strong>Agis</strong></span> <span class='ocrx_word' id='word_1_116' title='bbox 365 1743 497 1820; x_wconf 89' lang='lat' dir='ltr'><strong>idoneus,</strong></span> <span class='ocrx_word' id='word_1_117' title='bbox 527 1745 576 1827; x_wconf 92' lang='lat' dir='ltr'><strong>qni</strong></span> <span class='ocrx_word' id='word_1_118' title='bbox 598 1744 678 1807; x_wconf 89' lang='lat' dir='ltr'><strong>mala</strong></span> <span class='ocrx_word' id='word_1_119' title='bbox 702 1764 796 1827; x_wconf 89' lang='lat' dir='ltr'><strong>aequo</strong></span> <span class='ocrx_word' id='word_1_120' title='bbox 819 1746 918 1808; x_wconf 87' lang='lat' dir='ltr'><strong>animo</strong></span> <span class='ocrx_word' id='word_1_121' title='bbox 939 1749 1041 1820; x_wconf 84' lang='lat' dir='ltr'><strong>terret,</strong></span> <span class='ocrx_word' id='word_1_122' title='bbox 1066 1747 1159 1808; x_wconf 85' lang='lat' dir='ltr'><strong>iactus</strong></span> <span class='ocrx_word' id='word_1_123' title='bbox 1182 1752 1245 1822; x_wconf 88' lang='lat' dir='ltr'><strong>ast,</strong></span> <span class='ocrx_word' id='word_1_124' title='bbox 1271 1747 1299 1810; x_wconf 94' lang='lat' dir='ltr'><strong>in</strong></span> 
     </span>
     <span class='ocr_line' id='line_1_16' title="bbox 133 1848 1298 1936; baseline 0.004 -24"><span class='ocrx_word' id='word_1_125' title='bbox 133 1848 287 1912; x_wconf 81' lang='lat' dir='ltr'><strong>Cleomene</strong></span> <span class='ocrx_word' id='word_1_126' title='bbox 303 1851 431 1930; x_wconf 88' lang='lat' dir='ltr'><strong>reperire</strong></span> <span class='ocrx_word' id='word_1_127' title='bbox 450 1871 606 1932; x_wconf 92' lang='lat' dir='ltr'><strong>possumus</strong></span> <span class='ocrx_word' id='word_1_128' title='bbox 629 1853 694 1936; x_wconf 81' lang='lat' dir='ltr'><strong>(alr.</strong></span> <span class='ocrx_word' id='word_1_129' title='bbox 710 1852 822 1916; x_wconf 91' lang='lat' dir='ltr'><strong>Cleom.</strong></span> <span class='ocrx_word' id='word_1_130' title='bbox 837 1851 869 1929; x_wconf 94' lang='lat' dir='ltr'><strong>I,</strong></span> <span class='ocrx_word' id='word_1_131' title='bbox 884 1852 927 1933; x_wconf 88' lang='grc'><strong>3).</strong></span> <span class='ocrx_word' id='word_1_132' title='bbox 972 1852 1052 1914; x_wconf 89' lang='lat' dir='ltr'><strong>Num</strong></span> <span class='ocrx_word' id='word_1_133' title='bbox 1067 1871 1119 1932; x_wconf 87' lang='lat' dir='ltr'><strong>per</strong></span> <span class='ocrx_word' id='word_1_134' title='bbox 1134 1852 1298 1917; x_wconf 87' lang='lat' dir='ltr'><strong>inauditam</strong></span> 
     </span>
     <span class='ocr_line' id='line_1_17' title="bbox 131 1954 1299 2041; baseline 0.006 -25"><span class='ocrx_word' id='word_1_135' title='bbox 131 1954 303 2034; x_wconf 86' lang='lat' dir='ltr'><strong>patientiam</strong></span> <span class='ocrx_word' id='word_1_136' title='bbox 326 1957 426 2019; x_wconf 91' lang='lat' dir='ltr'><strong>odium</strong></span> <span class='ocrx_word' id='word_1_137' title='bbox 448 1958 597 2034; x_wconf 82' lang='lat' dir='ltr'><strong>facinoris,</strong></span> <span class='ocrx_word' id='word_1_138' title='bbox 620 1960 697 2039; x_wconf 93' lang='lat' dir='ltr'><strong>qnod</strong></span> <span class='ocrx_word' id='word_1_139' title='bbox 720 1979 777 2021; x_wconf 92' lang='lat' dir='ltr'><strong>non</strong></span> <span class='ocrx_word' id='word_1_140' title='bbox 801 1959 1008 2038; x_wconf 86' lang='lat' dir='ltr'><strong>commisisset,</strong></span> <span class='ocrx_word' id='word_1_141' title='bbox 1032 1977 1097 2021; x_wconf 91' lang='lat' dir='ltr'><strong>enm</strong></span> <span class='ocrx_word' id='word_1_142' title='bbox 1124 1960 1299 2041; x_wconf 80' lang='lat' dir='ltr'><strong>suscepisse,</strong></span> 
     </span>
     <span class='ocr_line' id='line_1_18' title="bbox 131 2063 1292 2147; baseline 0.004 -24"><span class='ocrx_word' id='word_1_143' title='bbox 131 2080 233 2143; x_wconf 89' lang='lat' dir='ltr'><strong>resque</strong></span> <span class='ocrx_word' id='word_1_144' title='bbox 265 2063 433 2142; x_wconf 77' lang='lat' dir='ltr'><strong>perfecisse,</strong></span> <span class='ocrx_word' id='word_1_145' title='bbox 479 2085 554 2145; x_wconf 87' lang='lat' dir='ltr'><strong>qnae</strong></span> <span class='ocrx_word' id='word_1_146' title='bbox 589 2065 617 2128; x_wconf 90' lang='lat' dir='ltr'><strong>ei</strong></span> <span class='ocrx_word' id='word_1_147' title='bbox 651 2065 717 2127; x_wconf 91' lang='lat' dir='ltr'><strong>odio</strong></span> <span class='ocrx_word' id='word_1_148' title='bbox 748 2073 779 2127; x_wconf 89' lang='lat' dir='ltr'><strong>et</strong></span> <span class='ocrx_word' id='word_1_149' title='bbox 810 2065 1016 2147; x_wconf 87' lang='lat' dir='ltr'><strong>contemptioni</strong></span> <span class='ocrx_word' id='word_1_150' title='bbox 1048 2065 1189 2128; x_wconf 85' lang='lat' dir='ltr'><strong>deberent</strong></span> <span class='ocrx_word' id='word_1_151' title='bbox 1223 2085 1292 2141; x_wconf 77' lang='lat' dir='ltr'><strong>ema,</strong></span> 
     </span>
     <span class='ocr_line' id='line_1_19' title="bbox 131 2170 316 2248; baseline 0.005 -19"><span class='ocrx_word' id='word_1_152' title='bbox 131 2170 316 2248; x_wconf 80' lang='lat' dir='ltr'><strong>putabimus?</strong></span> 
     </span>
    </p>

    <p class='ocr_par' dir='ltr' id='par_1_4' title="bbox 130 2275 1300 3408">
     <span class='ocr_line' id='line_1_20' title="bbox 235 2275 1298 2361; baseline 0.004 -23"><span class='ocrx_word' id='word_1_153' title='bbox 235 2275 463 2361; x_wconf 84' lang='lat' dir='ltr'><strong>Capntsextnm</strong></span> <span class='ocrx_word' id='word_1_154' title='bbox 479 2278 623 2360; x_wconf 85' lang='lat' dir='ltr'><strong>usquead</strong></span> <span class='ocrx_word' id='word_1_155' title='bbox 641 2298 757 2342; x_wconf 87' lang='lat' dir='ltr'><strong>versum</strong></span> <span class='ocrx_word' id='word_1_156' title='bbox 774 2278 808 2354; x_wconf 87' lang='lat'><strong>8,</strong></span> <span class='ocrx_word' id='word_1_157' title='bbox 829 2286 863 2342; x_wconf 92' lang='lat' dir='ltr'><strong>ut</strong></span> <span class='ocrx_word' id='word_1_158' title='bbox 885 2278 1015 2341; x_wconf 83' lang='lat' dir='ltr'><strong>maxima</strong></span> <span class='ocrx_word' id='word_1_159' title='bbox 1037 2277 1189 2341; x_wconf 90' lang='lat' dir='ltr'><strong>relationis</strong></span> <span class='ocrx_word' id='word_1_160' title='bbox 1211 2287 1298 2342; x_wconf 79' lang='lat' dir='ltr'><strong>ante·</strong></span> 
     </span>
     <span class='ocr_line' id='line_1_21' title="bbox 130 2382 1300 2467; baseline 0.006 -25"><span class='ocrx_word' id='word_1_161' title='bbox 130 2382 257 2444; x_wconf 89' lang='lat' dir='ltr'><strong>cedentis</strong></span> <span class='ocrx_word' id='word_1_162' title='bbox 286 2403 353 2464; x_wconf 87' lang='lat' dir='ltr'><strong>pars</strong></span> <span class='ocrx_word' id='word_1_163' title='bbox 378 2385 417 2446; x_wconf 93' lang='lat' dir='ltr'><strong>ad</strong></span> <span class='ocrx_word' id='word_1_164' title='bbox 446 2385 646 2467; x_wconf 87' lang='lat' dir='ltr'><strong>Phylarehnm</strong></span> <span class='ocrx_word' id='word_1_165' title='bbox 675 2387 872 2449; x_wconf 87' lang='lat' dir='ltr'><strong>revocandum</strong></span> <span class='ocrx_word' id='word_1_166' title='bbox 904 2392 958 2448; x_wconf 80' lang='lat' dir='ltr'><strong>est</strong></span> <span class='ocrx_word' id='word_1_167' title='bbox 1002 2385 1051 2447; x_wconf 90' lang='lat' dir='ltr'><strong>Ad</strong></span> <span class='ocrx_word' id='word_1_168' title='bbox 1079 2404 1144 2448; x_wconf 90' lang='lat' dir='ltr'><strong>eum</strong></span> <span class='ocrx_word' id='word_1_169' title='bbox 1171 2384 1300 2449; x_wconf 87' lang='lat' dir='ltr'><strong>honesta</strong></span> 
     </span>
     <span class='ocr_line' id='line_1_22' title="bbox 131 2489 1300 2572; baseline 0.004 -22"><span class='ocrx_word' id='word_1_170' title='bbox 131 2489 370 2553; x_wconf 88' lang='lat' dir='ltr'><strong>commemoratio</strong></span> <span class='ocrx_word' id='word_1_171' title='bbox 407 2490 620 2566; x_wconf 89' lang='lat' dir='ltr'><strong>Cratesicleae,</strong></span> <span class='ocrx_word' id='word_1_172' title='bbox 654 2493 758 2556; x_wconf 89' lang='lat' dir='ltr'><strong>matris</strong></span> <span class='ocrx_word' id='word_1_173' title='bbox 792 2492 971 2567; x_wconf 90' lang='lat' dir='ltr'><strong>Cleomenis,</strong></span> <span class='ocrx_word' id='word_1_174' title='bbox 1005 2500 1094 2572; x_wconf 86' lang='lat' dir='ltr'><strong>atque</strong></span> <span class='ocrx_word' id='word_1_175' title='bbox 1127 2492 1300 2555; x_wconf 87' lang='lat' dir='ltr'><strong>aestimatio</strong></span> 
     </span>
     <span class='ocr_line' id='line_1_23' title="bbox 130 2597 1299 2681; baseline 0.003 -23"><span class='ocrx_word' id='word_1_176' title='bbox 130 2616 264 2659; x_wconf 89' lang='lat' dir='ltr'><strong>summae</strong></span> <span class='ocrx_word' id='word_1_177' title='bbox 297 2597 413 2678; x_wconf 81' lang='lat' dir='ltr'><strong>pietatis</strong></span> <span class='ocrx_word' id='word_1_178' title='bbox 447 2598 700 2681; x_wconf 85' lang='lat' dir='ltr'><strong>indulgentiaeque</strong></span> <span class='ocrx_word' id='word_1_179' title='bbox 727 2599 817 2674; x_wconf 89' lang='lat' dir='ltr'><strong>illius,</strong></span> <span class='ocrx_word' id='word_1_180' title='bbox 851 2618 926 2681; x_wconf 89' lang='lat' dir='ltr'><strong>quae</strong></span> <span class='ocrx_word' id='word_1_181' title='bbox 944 2617 1029 2673; x_wconf 71' lang='lat' dir='ltr'><strong>eam,</strong></span> <span class='ocrx_word' id='word_1_182' title='bbox 1064 2607 1098 2660; x_wconf 89' lang='lat' dir='ltr'><strong>ut</strong></span> <span class='ocrx_word' id='word_1_183' title='bbox 1119 2617 1299 2680; x_wconf 83' lang='lat' dir='ltr'><strong>quamquam</strong></span> 
     </span>
     <span class='ocr_line' id='line_1_24' title="bbox 133 2703 1299 2788; baseline 0.003 -25"><span class='ocrx_word' id='word_1_184' title='bbox 133 2721 233 2765; x_wconf 90' lang='lat' dir='ltr'><strong>amore</strong></span> <span class='ocrx_word' id='word_1_185' title='bbox 255 2723 313 2766; x_wconf 90' lang='lat' dir='ltr'><strong>non</strong></span> <span class='ocrx_word' id='word_1_186' title='bbox 338 2710 403 2768; x_wconf 87' lang='lat' dir='ltr'><strong>erat</strong></span> <span class='ocrx_word' id='word_1_187' title='bbox 424 2713 570 2768; x_wconf 88' lang='lat' dir='ltr'><strong>commota</strong></span> <span class='ocrx_word' id='word_1_188' title='bbox 593 2743 637 2753; x_wconf 92' lang='lat'><strong>—-</strong></span> <span class='ocrx_word' id='word_1_189' title='bbox 661 2705 812 2788; x_wconf 82' lang='lat' dir='ltr'><strong>Spartiato</strong></span> <span class='ocrx_word' id='word_1_190' title='bbox 834 2705 938 2786; x_wconf 86' lang='lat' dir='ltr'><strong>opibus</strong></span> <span class='ocrx_word' id='word_1_191' title='bbox 956 2713 1043 2786; x_wconf 88' lang='lat' dir='ltr'><strong>atque</strong></span> <span class='ocrx_word' id='word_1_192' title='bbox 1058 2705 1234 2768; x_wconf 88' lang='lat' dir='ltr'><strong>auctoritate</strong></span> <span class='ocrx_word' id='word_1_193' title='bbox 1251 2703 1299 2767; x_wconf 92' lang='lat' dir='ltr'><strong>in-</strong></span> 
     </span>
     <span class='ocr_line' id='line_1_25' title="bbox 131 2809 1300 2893; baseline 0.002 -22"><span class='ocrx_word' id='word_1_194' title='bbox 131 2809 204 2890; x_wconf 90' lang='lat' dir='ltr'><strong>signi</strong></span> <span class='ocrx_word' id='word_1_195' title='bbox 228 2810 366 2887; x_wconf 83' lang='lat' dir='ltr'><strong>nuberet,</strong></span> <span class='ocrx_word' id='word_1_196' title='bbox 388 2811 549 2874; x_wconf 79' lang='lat' dir='ltr'><strong>adduxisse</strong></span> <span class='ocrx_word' id='word_1_197' title='bbox 568 2812 686 2887; x_wconf 88' lang='lat' dir='ltr'><strong>dicitnr,</strong></span> <span class='ocrx_word' id='word_1_198' title='bbox 708 2813 746 2874; x_wconf 95' lang='lat' dir='ltr'><strong>ad</strong></span> <span class='ocrx_word' id='word_1_199' title='bbox 770 2831 835 2875; x_wconf 91' lang='lat' dir='ltr'><strong>eum</strong></span> <span class='ocrx_word' id='word_1_200' title='bbox 853 2813 998 2886; x_wconf 87' lang='lat' dir='ltr'><strong>narratio,</strong></span> <span class='ocrx_word' id='word_1_201' title='bbox 1021 2831 1080 2893; x_wconf 91' lang='lat' dir='ltr'><strong>qua</strong></span> <span class='ocrx_word' id='word_1_202' title='bbox 1097 2811 1224 2892; x_wconf 91' lang='lat' dir='ltr'><strong>ephoros</strong></span> <span class='ocrx_word' id='word_1_203' title='bbox 1246 2830 1300 2892; x_wconf 85' lang='lat' dir='ltr'><strong>per</strong></span> 
     </span>
     <span class='ocr_line' id='line_1_26' title="bbox 130 2916 1299 3000; baseline 0.003 -22"><span class='ocrx_word' id='word_1_204' title='bbox 130 2916 318 2979; x_wconf 88' lang='lat' dir='ltr'><strong>Cleomenem</strong></span> <span class='ocrx_word' id='word_1_205' title='bbox 348 2927 498 2999; x_wconf 87' lang='lat' dir='ltr'><strong>corruptos</strong></span> <span class='ocrx_word' id='word_1_206' title='bbox 525 2937 590 2980; x_wconf 88' lang='lat' dir='ltr'><strong>esse</strong></span> <span class='ocrx_word' id='word_1_207' title='bbox 617 2919 759 2993; x_wconf 89' lang='lat' dir='ltr'><strong>traditur,</strong></span> <span class='ocrx_word' id='word_1_208' title='bbox 792 2921 940 2982; x_wconf 80' lang='lat' dir='ltr'><strong>referenda</strong></span> <span class='ocrx_word' id='word_1_209' title='bbox 972 2925 1048 2981; x_wconf 91' lang='lat' dir='ltr'><strong>sunt.</strong></span> <span class='ocrx_word' id='word_1_210' title='bbox 1094 2918 1186 2992; x_wconf 88' lang='lat' dir='ltr'><strong>Pars,</strong></span> <span class='ocrx_word' id='word_1_211' title='bbox 1223 2937 1299 3000; x_wconf 88' lang='lat' dir='ltr'><strong>quae</strong></span> 
     </span>
     <span class='ocr_line' id='line_1_27' title="bbox 130 3019 1297 3109; baseline 0.002 -24"><span class='ocrx_word' id='word_1_212' title='bbox 130 3023 269 3104; x_wconf 89' lang='lat' dir='ltr'><strong>sequitur,</strong></span> <span class='ocrx_word' id='word_1_213' title='bbox 292 3023 448 3104; x_wconf 86' lang='lat' dir='ltr'><strong>descriptio</strong></span> <span class='ocrx_word' id='word_1_214' title='bbox 463 3043 581 3105; x_wconf 86' lang='lat' dir='ltr'><strong>pugnae</strong></span> <span class='ocrx_word' id='word_1_215' title='bbox 596 3026 675 3106; x_wconf 89' lang='lat' dir='ltr'><strong>apud</strong></span> <span class='ocrx_word' id='word_1_216' title='bbox 690 3025 819 3088; x_wconf 87' lang='lat' dir='ltr'><strong>Leuctra</strong></span> <span class='ocrx_word' id='word_1_217' title='bbox 834 3021 1002 3109; x_wconf 85' lang='lat' dir='ltr'><strong>(Ladokeia</strong></span> <span class='ocrx_word' id='word_1_218' title='bbox 1016 3024 1111 3106; x_wconf 83' lang='lat' dir='ltr'><strong>Polyb</strong></span> <span class='ocrx_word' id='word_1_219' title='bbox 1125 3023 1168 3101; x_wconf 88' lang='lat' dir='ltr'><strong>H,</strong></span> <span class='ocrx_word' id='word_1_220' title='bbox 1188 3019 1245 3104; x_wconf 88' lang='lat'><strong>51,</strong></span> <span class='ocrx_word' id='word_1_221' title='bbox 1260 3021 1297 3108; x_wconf 82' lang='lat'><strong>3)</strong></span> 
     </span>
     <span class='ocr_line' id='line_1_28' title="bbox 131 3129 1293 3213; baseline 0.003 -23"><span class='ocrx_word' id='word_1_222' title='bbox 131 3129 320 3204; x_wconf 89' lang='lat' dir='ltr'><strong>commissae,</strong></span> <span class='ocrx_word' id='word_1_223' title='bbox 357 3150 424 3192; x_wconf 90' lang='lat' dir='ltr'><strong>cum</strong></span> <span class='ocrx_word' id='word_1_224' title='bbox 455 3131 587 3212; x_wconf 88' lang='lat' dir='ltr'><strong>planiore</strong></span> <span class='ocrx_word' id='word_1_225' title='bbox 605 3133 813 3213; x_wconf 66' lang='lat' dir='ltr'><strong>‘descriptione</strong></span> <span class='ocrx_word' id='word_1_226' title='bbox 840 3132 927 3195; x_wconf 86' lang='lat' dir='ltr'><strong>Arati</strong></span> <span class='ocrx_word' id='word_1_227' title='bbox 952 3129 1113 3195; x_wconf 89' lang='lat' dir='ltr'>XXXVII</span> <span class='ocrx_word' id='word_1_228' title='bbox 1141 3131 1293 3203; x_wconf 80' lang='lat' dir='ltr'><strong>consentit,</strong></span> 
     </span>
     <span class='ocr_line' id='line_1_29' title="bbox 131 3236 1288 3319; baseline -0.002 -21"><span class='ocrx_word' id='word_1_229' title='bbox 131 3257 190 3318; x_wconf 86' lang='lat' dir='ltr'><strong>que</strong></span> <span class='ocrx_word' id='word_1_230' title='bbox 213 3256 249 3298; x_wconf 89' lang='lat' dir='ltr'><strong>ex</strong></span> <span class='ocrx_word' id='word_1_231' title='bbox 272 3256 313 3311; x_wconf 92' lang='lat' dir='ltr'><strong>re,</strong></span> <span class='ocrx_word' id='word_1_232' title='bbox 336 3245 488 3319; x_wconf 89' lang='lat' dir='ltr'><strong>utramque</strong></span> <span class='ocrx_word' id='word_1_233' title='bbox 503 3238 672 3302; x_wconf 87' lang='lat' dir='ltr'><strong>relationem</strong></span> <span class='ocrx_word' id='word_1_234' title='bbox 689 3258 726 3302; x_wconf 81' lang='lat' dir='ltr'><strong>ex</strong></span> <span class='ocrx_word' id='word_1_235' title='bbox 741 3240 841 3303; x_wconf 88' lang='lat' dir='ltr'><strong>eodem</strong></span> <span class='ocrx_word' id='word_1_236' title='bbox 855 3241 935 3301; x_wconf 84' lang='lat' dir='ltr'><strong>tonte</strong></span> <span class='ocrx_word' id='word_1_237' title='bbox 950 3238 1078 3314; x_wconf 88' lang='lat' dir='ltr'><strong>fluxisse,</strong></span> <span class='ocrx_word' id='word_1_238' title='bbox 1101 3236 1288 3318; x_wconf 74' lang='lat' dir='ltr'><strong>cognoscier.</strong></span> 
     </span>
     <span class='ocr_line' id='line_1_30' title="bbox 132 3342 430 3408; baseline 0.007 -2"><span class='ocrx_word' id='word_1_239' title='bbox 132 3344 275 3406; x_wconf 88' lang='lat' dir='ltr'><strong>Conleras</strong></span> <span class='ocrx_word' id='word_1_240' title='bbox 297 3342 430 3408; x_wconf 76' lang='lat' dir='ltr'><strong>autemz*</strong></span> 
     </span>
    </p>
   </div>
   <div class='ocr_carea' id='block_1_3' title="bbox 126 3533 1299 4161">
    <p class='ocr_par' dir='ltr' id='par_1_5' title="bbox 126 3533 1299 4161">
     <span class='ocr_line' id='line_1_31' title="bbox 234 3533 1295 3625; baseline -0.001 -23"><span class='ocrx_word' id='word_1_241' title='bbox 234 3546 250 3581; x_wconf 84' lang='lat'><strong>*</strong></span> <span class='ocrx_word' id='word_1_242' title='bbox 269 3547 359 3602; x_wconf 85' lang='lat' dir='ltr'><strong>cleom</strong></span> <span class='ocrx_word' id='word_1_243' title='bbox 369 3549 414 3604; x_wconf 86' lang='lat' dir='ltr'><strong>VI</strong></span> <span class='ocrx_word' id='word_1_244' title='bbox 423 3562 495 3606; x_wconf 84' lang='grc' dir='ltr'><strong><em>εττει</em></strong></span> <span class='ocrx_word' id='word_1_245' title='bbox 484 3535 541 3606; x_wconf 83' lang='grc' dir='ltr'><strong>δε</strong></span> <span class='ocrx_word' id='word_1_246' title='bbox 551 3535 717 3623; x_wconf 81' lang='grc' dir='ltr'><strong><em>χαράδραν</em></strong></span> <span class='ocrx_word' id='word_1_247' title='bbox 729 3561 802 3604; x_wconf 90' lang='grc' dir='ltr'><strong><em>τινα</em></strong></span> <span class='ocrx_word' id='word_1_248' title='bbox 791 3535 954 3625; x_wconf 79' lang='grc' dir='ltr'><em>βαθεῖαν</em></span> <span class='ocrx_word' id='word_1_249' title='bbox 966 3533 1025 3605; x_wconf 78' lang='lat' dir='ltr'><strong>oria</strong></span> <span class='ocrx_word' id='word_1_250' title='bbox 1042 3536 1132 3603; x_wconf 83' lang='grc' dir='ltr'><strong><em>ειασε</em></strong></span> <span class='ocrx_word' id='word_1_251' title='bbox 1142 3535 1295 3625; x_wconf 59' lang='lat' dir='ltr'><strong>deniquae</strong></span> 
     </span>
     <span class='ocr_line' id='line_1_32' title="bbox 128 3640 1298 3736; baseline -0.003 -22"><span class='ocrx_word' id='word_1_252' title='bbox 128 3645 205 3726; x_wconf 77' lang='grc' dir='ltr'><strong>τούς</strong></span> <span class='ocrx_word' id='word_1_253' title='bbox 221 3643 417 3729; x_wconf 71' lang='grc' dir='ltr'><strong><em>Ἀχαιούς“</em></strong></span> <span class='ocrx_word' id='word_1_254' title='bbox 398 3670 416 3712; x_wconf 93' lang='lat' dir='ltr'><strong>o</strong></span> <span class='ocrx_word' id='word_1_255' title='bbox 434 3640 576 3731; x_wconf 88' lang='grc' dir='ltr'><strong><em>Αρατος</em></strong></span> <span class='ocrx_word' id='word_1_256' title='bbox 610 3641 681 3712; x_wconf 75' lang='grc' dir='ltr'><strong>ἀλλ’</strong></span> <span class='ocrx_word' id='word_1_257' title='bbox 703 3645 865 3736; x_wconf 72' lang='lat' dir='ltr'><strong>sudorque</strong></span> <span class='ocrx_word' id='word_1_258' title='bbox 887 3669 947 3734; x_wconf 76' lang='grc' dir='ltr'><strong>την</strong></span> <span class='ocrx_word' id='word_1_259' title='bbox 970 3641 1126 3725; x_wconf 79' lang='grc' dir='ltr'><strong><em>δίωξιν</em></strong></span> <span class='ocrx_word' id='word_1_260' title='bbox 1104 3645 1298 3728; x_wconf 68' lang='grc' dir='ltr'><strong><em>αγανακτνῖν</em></strong></span> 
     </span>
     <span class='ocr_line' id='line_1_33' title="bbox 128 3747 1297 3842; baseline -0.004 -21"><span class='ocrx_word' id='word_1_261' title='bbox 128 3752 386 3832; x_wconf 80' lang='grc' dir='ltr'><strong><em>ὁΛνδιάδας...</em></strong></span> <span class='ocrx_word' id='word_1_262' title='bbox 410 3749 641 3842; x_wconf 78' lang='grc' dir='ltr'><em>συνεξώρμησε</em></span> <span class='ocrx_word' id='word_1_263' title='bbox 661 3751 736 3830; x_wconf 77' lang='grc' dir='ltr'><strong>τούς</strong></span> <span class='ocrx_word' id='word_1_264' title='bbox 756 3753 831 3840; x_wconf 83' lang='grc' dir='ltr'><strong><em>περὶ</em></strong></span> <span class='ocrx_word' id='word_1_265' title='bbox 853 3749 953 3819; x_wconf 81' lang='grc' dir='ltr'><strong><em>αὖτόν</em></strong></span> <span class='ocrx_word' id='word_1_266' title='bbox 968 3753 1082 3828; x_wconf 80' lang='grc' dir='ltr'><em>ἱππεῖς</em></span> <span class='ocrx_word' id='word_1_267' title='bbox 1097 3774 1151 3817; x_wconf 85' lang='grc' dir='ltr'><strong>και</strong></span> <span class='ocrx_word' id='word_1_268' title='bbox 1140 3747 1297 3817; x_wconf 76' lang='grc' dir='ltr'><strong><em>διώκων</em></strong></span> 
     </span>
     <span class='ocr_line' id='line_1_34' title="bbox 129 3854 1298 3947; baseline 0 -23"><span class='ocrx_word' id='word_1_269' title='bbox 129 3861 173 3937; x_wconf 76' lang='grc' dir='ltr'><strong>εἰς</strong></span> <span class='ocrx_word' id='word_1_270' title='bbox 195 3862 314 3944; x_wconf 82' lang='grc' dir='ltr'><strong><em>χωρίον</em></strong></span> <span class='ocrx_word' id='word_1_271' title='bbox 338 3858 492 3943; x_wconf 80' lang='grc' dir='ltr'><strong><em>α’μπελων</em></strong></span> <span class='ocrx_word' id='word_1_272' title='bbox 514 3860 568 3926; x_wconf 81' lang='grc' dir='ltr'><strong>καὶ</strong></span> <span class='ocrx_word' id='word_1_273' title='bbox 587 3858 718 3947; x_wconf 82' lang='grc' dir='ltr'><strong><em>τάφρων</em></strong></span> <span class='ocrx_word' id='word_1_274' title='bbox 741 3860 794 3928; x_wconf 80' lang='grc' dir='ltr'><strong>καὶ</strong></span> <span class='ocrx_word' id='word_1_275' title='bbox 814 3881 928 3940; x_wconf 83' lang='grc' dir='ltr'><strong><em>τειχων</em></strong></span> <span class='ocrx_word' id='word_1_276' title='bbox 950 3854 1111 3941; x_wconf 77' lang='grc' dir='ltr'><strong><em>μεστὸν..</em></strong></span> <span class='ocrx_word' id='word_1_277' title='bbox 1123 3859 1298 3924; x_wconf 81' lang='grc' dir='ltr'><strong><em>,διασπα-</em></strong></span> 
     </span>
     <span class='ocr_line' id='line_1_35' title="bbox 129 3949 1299 4092; baseline -0.003 -61"><span class='ocrx_word' id='word_1_278' title='bbox 129 3968 281 4043; x_wconf 58' lang='lat' dir='ltr'><strong>osteis...</strong></span> <span class='ocrx_word' id='word_1_279' title='bbox 314 3990 419 4044; x_wconf 81' lang='grc' dir='ltr'><strong><em>κακως</em></strong></span> <span class='ocrx_word' id='word_1_280' title='bbox 447 3963 661 4092; x_wconf 75' lang='grc' dir='ltr'><strong><em>ᾰπήλλατε“</em></strong></span> <span class='ocrx_word' id='word_1_281' title='bbox 641 3990 659 4033; x_wconf 94' lang='lat' dir='ltr'><strong>o</strong></span> <span class='ocrx_word' id='word_1_282' title='bbox 686 3963 857 4043; x_wconf 80' lang='grc' dir='ltr'><strong><em>Λυδιάδας</em></strong></span> <span class='ocrx_word' id='word_1_283' title='bbox 889 3963 1097 4091; x_wconf 63' lang='grc' dir='ltr'><strong><em>αριννόμενος</em></strong></span> <span class='ocrx_word' id='word_1_284' title='bbox 1129 3949 1299 4050; x_wconf 78' lang='grc' dir='ltr'><strong><em>εὖρωστως</em></strong></span> 
     </span>
     <span class='ocr_line' id='line_1_36' title="bbox 126 4067 1218 4161; baseline -0.003 -21"><span class='ocrx_word' id='word_1_285' title='bbox 126 4071 226 4140; x_wconf 79' lang='grc' dir='ltr'><em>ἔπεσε</em></span> <span class='ocrx_word' id='word_1_286' title='bbox 239 4123 329 4140; x_wconf 91' lang='grc'><strong>.....</strong></span> <span class='ocrx_word' id='word_1_287' title='bbox 357 4073 409 4141; x_wconf 84' lang='grc' dir='ltr'><strong>καὶ</strong></span> <span class='ocrx_word' id='word_1_288' title='bbox 430 4096 557 4161; x_wconf 79' lang='grc' dir='ltr'><strong><em>τραωην</em></strong></span> <span class='ocrx_word' id='word_1_289' title='bbox 589 4067 671 4140; x_wconf 83' lang='grc' dir='ltr'><strong><em>ὅλον</em></strong></span> <span class='ocrx_word' id='word_1_290' title='bbox 697 4075 756 4141; x_wconf 80' lang='grc' dir='ltr'><strong>τοῦ</strong></span> <span class='ocrx_word' id='word_1_291' title='bbox 789 4070 1026 4157; x_wconf 79' lang='grc' dir='ltr'><strong><em>στρατεύματος</em></strong></span> <span class='ocrx_word' id='word_1_292' title='bbox 1045 4071 1218 4160; x_wconf 77' lang='grc' dir='ltr'><strong><em>ἐποιησαν.</em></strong></span> 
     </span>
    </p>
   </div>
   <div class='ocr_carea' id='block_1_4' title="bbox 0 0 1432 4574">
    <p class='ocr_par' dir='ltr' id='par_1_6' title="bbox 0 0 1432 4574">
     <span class='ocr_line' id='line_1_37' title="bbox 0 0 1432 4574; baseline 0 1"><span class='ocrx_word' id='word_1_293' title='bbox 0 0 1432 4574; x_wconf 95' lang='lat' dir='ltr'><strong> </strong></span> 
     </span>
    </p>
   </div>
  </div>
 </body>
</html>
