2856 4574
601 203 822 269 ..41-

129 400 225 462 menis
253 400 346 462 denuo
374 399 538 462 accuratius
570 408 769 481 exponuntur,
803 401 880 483 quod
912 397 1029 479 Agiatis
1064 417 1181 462 summa
1208 398 1296 462 laude

129 507 257 567 allicitur
281 505 343 587 (clr.
366 525 428 585 cap,
454 504 502 585 1),
527 507 604 585 quod
629 507 724 586 pietas
746 507 979 588 indulgentiaque
1000 504 1196 568 Cratesicleae
1219 524 1289 567 aar·

127 621 224 686 ratur,
249 631 335 692 quarn
359 611 543 692 Phylarchus
565 613 664 674 eodem
688 615 771 675 mode
789 615 852 695 J’am
875 611 939 687 VI,
964 612 981 673 1
1007 611 1209 691 descripserat.

236 715 372 798 Denique
388 718 425 778 ad
439 717 636 800 Phylarchum
653 729 801 782 auctorem
816 721 880 782 lans
896 718 1059 782 Cleomenis
1076 720 1153 799 (cap.
1168 715 1295 802 XXIV)

128 827 225 906 adque
240 825 346 887 iudicia
362 823 408 883 vel
429 824 613 886 minimarum
629 844 725 887 rernm
742 847 761 888 a
778 826 931 890 Cleomene
959 833 1104 906 gestarum
1131 824 1295 887 accuratis-

130 932 203 992 sime
219 932 329 992 tradita
343 929 491 991 reducunt.
538 930 598 992 Cir.
613 927 738 1007 XXIII,
757 932 791 999 2:
812 931 909 996 πέντε
930 926 1061 1018 ἡμερῶν
1084 931 1169 997 σιτία
1188 927 1295 1015 λαβών

131 1048 160 1100 et
183 1031 530 1124 δειπνοποιησάμενος
552 1033 627 1111 περὶ
648 1031 685 1100 τό
707 1037 896 1102 Peiraion..

238 1143 326 1213 Quod
355 1145 444 1205 etiam
472 1142 587 1220 singula
614 1143 721 1205 indicia
749 1164 813 1206 oum
841 1147 1002 1224 fragmento
1027 1146 1104 1226 apud
1129 1144 1286 1228 Polybium

130 1251 171 1327 II,
200 1250 275 1325 61,4
302 1256 472 1312 conservato
497 1247 617 1327 (Miiller
641 1250 694 1330 frg.
718 1247 774 1336 52)
804 1253 1003 1324 consentient,
1033 1260 1110 1313 recte
1132 1270 1185 1312 nos
1204 1250 1290 1331 judi-

130 1379 222 1433 casse,
244 1359 387 1418 firmatur.
410 1391 454 1402 —

235 1463 270 1526 In
294 1463 390 1542 capite
413 1461 508 1525 XXV
532 1484 550 1526 a
574 1484 659 1526 versu
683 1464 784 1545 quinto
805 1459 1012 1547 φοβούμενος
1033 1458 1091 1526 τόν
1105 1459 1294 1544 Ἀντίγονον

132 1568 186 1633 καὶ
207 1565 281 1645 τούς
304 1563 496 1649 banaiam..
520 1571 596 1632 color
619 1571 749 1652 ratioque
773 1571 973 1652 desculptionis
990 1579 1128 1632 mutatur.
1173 1569 1295 1650 Singula

132 1678 167 1738 de
194 1678 313 1738 foederis
341 1685 498 1751 convento,
527 1679 574 1757 qui
603 1678 768 1739 habebatur
795 1677 900 1757 Aegii,
928 1676 1007 1738 dicta
1037 1696 1053 1736 e
1080 1676 1294 1739 commentariis

133 1782 239 1843 hausta
261 1803 325 1845 esse
346 1784 489 1845 videntur.
535 1783 633 1845 Versu
648 1782 761 1846 XVIII
783 1785 849 1845 iude
872 1803 890 1844 a
912 1783 1010 1845 verbis
1025 1777 1077 1845 deri
1100 1778 1154 1847 καὶ
1167 1777 1204 1848 τό
1221 1779 1293 1847 teo'·

131 1906 262 1968 τερον..
287 1889 462 1952 Plutarchus
488 1891 526 1952 ad
555 1891 724 1952 relationem
752 1890 867 1972 Polybii
891 1889 1011 1964 transit,
1037 1889 1086 1970 qui
1112 1889 1221 1952 ibidem
1248 1889 1293 1952 ein

130 2004 218 2057 tatur.
265 1996 298 2058 Si
321 1996 543 2076 descrIptionem
571 2017 636 2060 cum
660 1998 824 2080 Polybiane
850 1997 992 2058 relatione
1026 1994 1077 2074 II,
1105 1993 1205 2070 6420
1227 2014 1294 2078 sqq.

130 2102 380 2181 comparavimus,
412 2103 491 2164 dicta
514 2103 589 2165 inter
611 2104 770 2166 assimilia
793 2102 1007 2184 cognoscimus,
1035 2103 1168 2165 videmus
1192 2112 1291 2166 autem

129 2210 219 2270 etiarn
243 2209 400 2283 hocloco,
430 2210 619 2271 Plutarchum
648 2211 759 2271 sontem
781 2230 839 2271 non
866 2210 1043 2272 verbotenus
1065 2218 1197 2272 secutum
1219 2228 1294 2285 esso,

128 2316 179 2376 sod
203 2316 351 2394 proprium
375 2335 465 2392 genus
488 2315 633 2377 scribendi
656 2335 801 2381 servasse.
826 2352 868 2362 -

238 2422 345 2500 Capite
372 2420 484 2485 XXVI
516 2423 702 2485 Cleomenem
736 2423 841 2486 iterum
872 2421 992 2503 Argolin
1029 2440 1194 2502 aggressum
1230 2441 1294 2484 esee

129 2527 270 2601 traditur,
294 2549 368 2608 quae
391 2529 511 2609 Irruptio
535 2521 631 2614 ὀλίγῳ
655 2521 792 2610 ὕστερον
814 2531 893 2593 facta
912 2547 976 2589 esse
996 2527 1115 2601 dicitur,
1139 2548 1228 2611 quam
1242 2527 1293 2590 illa

128 2636 224 2713 capite
238 2631 335 2696 XXV
358 2637 513 2716 descripta.
560 2637 602 2697 Et
626 2636 716 2698 nimia
739 2623 802 2698 laus
826 2636 911 2716 hujus
927 2634 968 2696 rei
983 2654 1002 2695 a
1017 2633 1174 2696 Cleomene
1191 2641 1294 2714 gestae

130 2749 160 2801 et
186 2741 302 2820 copIosa
331 2742 514 2803 describendi
543 2743 617 2804 ratio
646 2744 684 2804 ad
717 2741 916 2824 Phylarchum
945 2743 1054 2803 iontem
1081 2741 1235 2816 reducunt,
1263 2741 1293 2802 id

131 2847 206 2927 quod
232 2847 321 2907 etiam
344 2850 504 2927 fragmento
528 2869 546 2910 a
570 2849 695 2910 Luchtio
720 2857 750 2909 et
773 2849 976 2910 Schoemanno
995 2847 1059 2928 jam
1083 2846 1218 2909 adhibito
1241 2847 1292 2909 de-

131 2961 323 3018 monstratur:
357 2954 455 3016 Schol.
486 2955 518 3017 S.
548 2955 673 3017 Maximi
707 2955 744 3016 ad
774 2955 887 3036 Dionys
918 2956 1064 3035 Areopag.
1100 2951 1132 3016 Π
1167 2971 1197 3033 p.
1230 2949 1293 3015 156

131 3057 241 3120 Miiller
277 3062 329 3138 irg.
359 3057 411 3123 58.
439 3096 483 3108 -·
511 3063 613 3142 Neque
641 3063 716 3124 duas
744 3062 943 3142 expeditiones
971 3059 1122 3141 dIripiendi
1150 3079 1242 3122 cansa
1264 3060 1294 3123 ln

134 3166 252 3226 eandem
276 3166 421 3245 regionem
447 3168 526 3230 brevi
549 3179 679 3247 tempore
702 3180 856 3248 susceptas
880 3188 945 3229 esse
967 3166 1122 3230 verisimile
1145 3175 1198 3231 est.
1244 3167 1293 3229 Ac

129 3272 226 3352 prima
249 3266 403 3354 ἀσφαλῶς
426 3271 479 3337 καὶ
500 3278 664 3354 νουνεχῶς
683 3276 765 3336 iacta
788 3294 852 3336 esse
876 3274 984 3354 potuit,
1008 3273 1037 3335 id
1060 3274 1135 3353 quod
1151 3273 1293 3355 Polybius

130 3380 214 3452 dicit,
240 3380 336 3439 altera
360 3389 456 3442 autem
480 3382 535 3442 nisi
557 3379 773 3462 novendecim
792 3380 967 3461 nonpotuit.
1013 3380 1106 3442 Terra
1127 3378 1222 3460 prima
1244 3380 1292 3442 di-

131 3486 261 3563 reptione
291 3485 406 3547 omnino
430 3489 587 3549 devastata
615 3496 679 3549 erat
702 3485 826 3572 (Cleom.
847 3485 952 3561 XXV,
980 3484 1002 3549 4
1024 3487 1120 3570 Polyb
1142 3483 1189 3560 H,
1218 3483 1292 3562 64‚3

132 3597 161 3651 et
183 3591 229 3670 b),
253 3591 369 3654 Achaei
393 3600 422 3653 ct
445 3595 611 3672 AntIgonns
643 3594 816 3675 praemoniti
844 3604 943 3666 erant,
971 3602 1004 3656 ut
1026 3601 1176 3668 caverent,
1203 3591 1293 3655 Cleo-

132 3715 244 3771 menes,
266 3718 341 3779 quae
364 3699 458 3760 altera
481 3701 664 3780 expeditione
686 3707 801 3762 secutus
825 3721 888 3762 esse
912 3701 1030 3774 dicitur,
1054 3699 1150 3781 prima
1171 3699 1293 3779 adeptus

132 3814 185 3865 est.
232 3802 327 3874 Quam
352 3807 388 3866 ob
412 3826 472 3867 rem
495 3806 587 3869 altera
609 3807 757 3869 Cleomeni
780 3809 917 3888 majorem
942 3807 1097 3869 utilitatem
1126 3825 1183 3868 non
1211 3808 1293 3881 ferre,

68 3970 71 3974 ’
130 3982 200 4043 orat,
226 3993 297 4032 anno
316 3977 498 4034 ducentesimo
515 3980 642 4034 vieesimo
660 3981 741 4035 tertio
759 3979 878 4049 prosecta
896 3995 955 4035 esse
978 3996 1032 4035 uon
1054 3985 1157 4050 potest,
1182 3984 1213 4034 ut
1231 3979 1292 4034 Plu·

131 4065 240 4120 tarchus
258 4066 332 4124 dicit.
368 4069 442 4136 Ergo
464 4068 608 4137 descriptio
632 4070 768 4125 Plutarchi
786 4071 836 4126 sibi
855 4071 914 4138 ipsa
936 4070 1051 4138 resistit,
1075 4067 1220 4136 nequead
1243 4069 1292 4123 Po-

129 4153 233 4224 lybium
255 4154 443 4223 corrigendum
466 4156 618 4214 adhibenda
636 4163 691 4229 est,
710 4159 738 4214 id
760 4157 833 4228 quod
856 4157 927 4219 facit.
963 4160 1084 4215 Valetou
1106 4156 1126 4217 l.
1148 4157 1168 4216 l,
1183 4171 1214 4224 p.
1230 4159 1297 4215 [tib.

1102 4261 1128 4314 la
