2856 4574
600 158 732 224 ..22
778 194 820 206 .-

24 360 34 371 ”
128 359 230 435 cessit,
257 364 292 421 ut
314 357 442 421 Aratum
465 355 590 436 Agidem
614 354 783 417 laudantem
811 352 910 416 lecerit
939 349 1124 434 (ἐπαινέσας
1152 352 1296 441 διαφῆκε

129 467 186 549 Ag.
214 464 305 546 XV),
327 499 372 510 -
394 483 450 525 nou
473 470 551 525 recte
572 461 709 542 percepit.

234 573 389 636 Postrema
411 588 479 632 vero
501 569 599 650 capita
622 566 727 647 Agidis
749 569 810 630 lere
836 568 932 629 omnia
960 570 998 630 ad
1022 566 1219 648 Phylarchum
1248 589 1296 631 re-

132 677 264 740 vocanda
288 685 367 740 suut.
413 675 447 738 C.
466 673 671 739 XIX—XXI
689 676 752 755 jem
775 674 956 737 Schoemann
972 674 1109 736 Heereuii
1131 682 1161 735 et
1176 675 1294 738 Luchtii

127 783 331 847 auctoritatem
365 791 483 846 secutus
505 783 544 844 ad
567 783 688 846 eundem
710 781 871 856 revocavit,
891 783 944 843 cui
972 801 1085 864 quoqne
1105 781 1133 842 in
1155 800 1181 844 c.
1204 779 1295 844 XVI.

131 889 375 971 Hippomedontis
400 889 636 952 commemoratio
660 887 722 973 (clr.
744 888 804 963 VI,
826 886 862 972 4)
879 888 1069 950 adscribenda
1085 896 1140 950 est.
1186 889 1292 969 Neque

132 997 228 1059 miuus
255 995 299 1070 id,
325 996 400 1078 quod
429 995 536 1058 dicitur
561 995 596 1057 de
622 1015 721 1058 amore
743 995 918 1070 Chilonidis,
945 1013 1019 1075 quae
1044 995 1107 1075 jam
1137 1013 1163 1056 c.
1185 993 1248 1070 IX,
1273 991 1295 1056 5

134 1108 363 1165 commemorata
393 1111 452 1176 est,
480 1110 509 1163 et
536 1119 606 1180 erge
632 1120 752 1163 uxorem
780 1109 812 1164 et
838 1121 907 1182 erga
933 1108 1099 1181 parentem,
1126 1120 1182 1182 quo
1210 1101 1297 1163 valde

134 1207 225 1270 animi
256 1207 347 1270 nostri
380 1216 629 1283 commoveantur,
670 1209 708 1271 ad
738 1209 936 1291 Phylarchum
968 1209 1098 1269 revocari
1131 1227 1203 1288 opus
1242 1217 1299 1276 est.

131 1314 163 1380 Is
183 1315 276 1391 enim,
299 1322 331 1376 ut
353 1321 419 1376 erat
441 1334 554 1377 summo
568 1315 665 1377 studio
682 1314 831 1378 mulierum
850 1315 983 1377 incensus
1003 1313 1067 1398 (cfr.
1086 1315 1139 1393 lrg.
1166 1312 1221 1389 18,
1244 1314 1299 1389 23,

131 1421 188 1498 30,
217 1421 274 1498 33,
300 1417 357 1498 35,
384 1419 442 1497 42,
471 1418 529 1495 45,
558 1420 614 1497 48,
641 1421 697 1496 60,
721 1420 776 1496 81,
800 1421 873 1499 82),
902 1422 931 1482 in
958 1421 1115 1500 grandibus
1147 1421 1300 1484 amoribus

132 1528 285 1592 narrandis
308 1528 367 1591 sibi
381 1527 495 1591 videtur
509 1528 654 1608 placuisse
670 1529 730 1608 (cir.
747 1530 800 1608 fug.
819 1527 877 1603 23,
900 1525 957 1601 48,
982 1527 1036 1603 60,
1059 1527 1169 1592 Cleom.
1187 1527 1230 1591 23
1247 1549 1296 1610 sq.

131 1636 256 1699 Rohde:
280 1635 342 1698 Der
365 1634 484 1698 Griech.
507 1635 621 1697 Roman
647 1634 681 1699 S.
705 1631 775 1716 51).
795 1671 838 1681 —

235 1741 297 1806 Sed
328 1742 430 1804 ultima
461 1760 530 1821 pars
558 1741 663 1823 capitis
690 1740 771 1805 XXI
796 1743 864 1804 inde
898 1761 917 1803 a
943 1760 1029 1803 versu
1055 1739 1120 1803 VH
1146 1737 1301 1823 βασιλεὺς

131 1847 191 1934 γεὶρ
215 1844 259 1925 ὥς
281 1843 385 1927 ἔοικε,
413 1848 538 1930 quaid,
567 1850 642 1929 quod
668 1858 755 1912 antea
777 1849 887 1910 dictum
909 1856 967 1922 est,
995 1848 1183 1927 explanatur,
1211 1848 1299 1929 Phy-

131 1955 233 2020 larcho
263 1974 320 2018 uon
352 1955 548 2018 adscribenda
578 1963 634 2018 est.
680 1953 748 2026 Qua
779 1963 861 2036 parte
893 1963 1030 2036 excepta,
1065 1953 1179 2016 initium
1217 1955 1298 2018 vitae

132 2061 294 2127 Cleomenis
306 2068 456 2142 postremo
471 2061 624 2122 enunciata
637 2061 714 2122 vitae
725 2060 831 2140 Agidis
843 2061 1024 2142 adjungitur,
1040 2062 1117 2122 unde
1128 2060 1156 2122 in
1166 2062 1295 2143 ejusdem

130 2169 219 2233 fonds
241 2187 296 2230 usu
309 2166 499 2231 Plutarchum
522 2177 737 2248 perseveratum
753 2187 821 2230 esse
843 2167 986 2248 suspicari
1001 2186 1163 2248 possumus.
1211 2166 1295 2238 Quae

132 2274 277 2340 sententie
289 2273 410 2353 singulis
432 2273 610 2352 argumentis
632 2274 799 2355 adjuvatur.
844 2274 924 2336 Nam
946 2293 1011 2336 cum
1035 2273 1216 2350 accuratius,
1241 2297 1299 2358 qna

132 2380 308 2447 necessitate
323 2379 440 2460 Agiatis
462 2399 527 2442 cum
543 2379 701 2443 Cleomene
724 2382 877 2462 conjuncta
899 2381 998 2454 fuerit,
1023 2389 1198 2461 exponatur,
1231 2401 1298 2444 cum

133 2489 263 2552 moribus
295 2487 356 2569 ejus
389 2505 504 2549 summa
541 2486 606 2548 laus
637 2487 831 2561 attribuatur,
869 2505 934 2548 cum
969 2493 1114 2561 narretur,
1152 2489 1297 2568 quomodo

132 2595 314 2660 Cleomenem
336 2611 436 2656 amore
468 2593 514 2655 sui
535 2591 762 2656 inflammaverit
791 2603 820 2655 et
846 2593 976 2655 studium
999 2592 1105 2672 Agidis
1130 2593 1160 2654 in
1182 2612 1216 2654 eo
1238 2611 1295 2652 ex-

134 2702 275 2776 citaverit,
292 2701 356 2782 ipso
366 2698 480 2762 dicendi
492 2718 596 2778 genere
610 2718 646 2762 ea
656 2699 825 2784 Phylarcho
838 2699 1029 2762 adscribenda
1041 2706 1121 2763 sunt.
1144 2699 1211 2762 Jam
1224 2717 1294 2760 vero

133 2808 211 2870 idem
221 2807 348 2890 partium
359 2806 497 2879 studium,
513 2806 614 2868 eadem
625 2825 736 2870 morum
747 2807 912 2887 descriptio,
936 2805 1050 2887 quaein
1065 2804 1128 2866 vita
1142 2804 1295 2880 invenitur,

133 2916 169 2978 de
192 2933 252 2994 qua
273 2905 455 2993 supradixi,
477 2911 559 2974 nohis
573 2913 707 2976 occurrit.
753 2913 813 2976 Cfr.
838 2913 948 2976 Cleom.
971 2911 1005 2985 I,
1025 2910 1045 2975 3
1069 2907 1298 2999 ὁΚλεομένης

134 3015 217 3104 πρὸς
258 3014 444 3101 ἐγκράτειαν
484 3015 538 3081 καὶ
574 3015 730 3101 ἀφέλειαν
767 3013 829 3099 co'x
864 3002 962 3104 ἧττον
998 3019 1057 3082 τοῦ
1085 3009 1223 3100 Ἄγιδος
1261 2998 1299 3084 εὖ

133 3119 306 3210 πεφυκώς,
330 3120 367 3189 nd
391 3118 428 3188 de*
451 3118 585 3207 εὐλαβὲς
606 3117 688 3208 ἄγαν
711 3124 765 3190 καὶ
786 3125 894 3207 πρᾶον
918 3118 978 3188 οὐκ
1002 3111 1097 3204 εἶχεν.
1143 3125 1203 3188 Cfr.
1239 3128 1296 3207 Ag.

133 3231 210 3309 XX,
232 3231 284 3296 3.-
309 3230 457 3294 Leonidae
486 3249 556 3293 vero
580 3251 692 3294 morum
721 3233 876 3312 descriptio
908 3231 1124 3294 accuratissime
1152 3233 1296 3295 consentit

134 3359 200 3402 cum
228 3358 279 3413 ea,
304 3356 379 3420 quae
401 3337 431 3399 in
455 3335 518 3400 vita
542 3337 650 3418 Agidis
672 3337 828 3401 invenitur.
866 3338 926 3401 Clr.
955 3339 1066 3402 Cleom.
1094 3336 1140 3413 Π,
1169 3336 1203 3414 1,
1237 3339 1292 3417 Ag.

135 3442 252 3521 Vino
275 3443 359 3519 Χ,2
380 3441 444 3519 XI,
468 3443 497 3506 2.
512 3479 555 3490 —
575 3442 636 3507 Sed
658 3464 677 3507 a
699 3443 868 3527 Phylarcho
890 3465 947 3506 nou
970 3445 1094 3525 repetita
1116 3453 1198 3521 sunt,
1219 3463 1294 3525 quae

134 3554 164 3617 in
180 3552 290 3617 Cleom.
305 3549 352 3624 Π,
377 3550 397 3613 2
420 3550 567 3614 dicuntur:
589 3549 712 3633 λέγεται
734 3546 840 3615 δὲκαὶ
861 3547 965 3633 λόγων
982 3547 1177 3635 φιλοσόφων
1199 3569 1296 3633 μετα-

136 3659 230 3738 σχεῖν
245 3653 266 3722 o‘
277 3657 467 3742 Κλεομένης
478 3701 669 3722 ..........
682 3658 759 3720 Nam
769 3658 973 3733 Plutarchum,
989 3657 1013 3719 si
1027 3658 1236 3740 Phylarchum,
1249 3658 1299 3739 qui

134 3767 210 3828 inter
222 3784 285 3840 eus,
299 3765 346 3844 qui
359 3783 424 3826 cum
436 3764 591 3826 Cleomene
601 3773 691 3839 erant,
699 3765 883 3838 versabatur,
900 3772 1015 3826 secutus
1026 3771 1111 3837 esset,
1129 3763 1187 3825 illis
1200 3764 1298 3824 verbis

136 3869 258 3954 λέγεται
282 3864 319 3934 δὲ
341 3867 394 3934 καὶ
412 3869 591 3933 enuntiatum
614 3870 795 3951 prolatumm
823 3870 926 3944 luisse,
951 3887 1010 3931 nou
1036 3877 1081 3930 est
1104 3867 1298 3950 putandum*

135 4013 345 4025 *-

241 4081 258 4121 *
276 4082 318 4142 De
330 4080 461 4154 Sphaero,
479 4079 525 4153 qui
542 4077 662 4136 hocloco
675 4082 907 4150 commemoratur,
925 4075 1058 4137 confcras:
1076 4077 1173 4138 Zeller:
1193 4076 1295 4150 ,Philo
