2856 4574
601 163 820 227 ..21-

129 363 157 426 in
185 362 408 424 Pantaleontem
432 360 569 422 Aetolum
593 359 711 436 habita,
734 359 871 421 beneficia
898 357 1088 420 Macedonum
1117 355 1290 425 Aetolorum

128 467 247 548 flagitiis
275 475 472 547 opponuntur,
504 465 535 527 id
563 467 638 547 quod
666 467 727 528 fieri
754 474 961 545 conpeteret,
988 464 1014 526 si
1036 463 1211 526 Macedones
1237 461 1294 542 ipsi

127 575 306 654 flagitiorum
330 573 446 635 illorum
470 572 626 652 participes
649 573 778 635 fuissent.
803 608 845 618 -
870 570 1024 653 Droysenii
1046 569 1206 646 sententia,
1229 589 1294 632 eam

128 681 342 762 expeditionem
371 698 447 741 anuo
480 676 544 742 242
568 698 625 760 que
648 679 804 758 Agesilaus
826 678 952 759 ephorus
980 686 1054 752 erat,
1079 679 1190 740 tactam
1217 696 1293 749 esee,

130 787 183 862 iis,
206 806 279 867 quae
302 784 414 848 tradita
436 795 519 859 sunt,
540 805 598 848 uon
622 787 788 866 adjuvatur.
833 784 928 847 Immo
950 803 1019 846 vero
1042 805 1059 846 e
1081 782 1138 859 lX,
1163 781 1293 848 34con-

132 892 247 955 cludere
269 912 440 974 possumus,
461 893 508 955 hio
530 893 652 955 eandem
674 892 868 955 incursionem
891 888 1085 969 significatam
1112 912 1191 966 asse,
1219 909 1294 972 quae

133 998 247 1081 Sicyoni
269 999 456 1072 imminebat,
480 999 510 1061 id
534 1000 610 1081 quod
633 1001 662 1061 in
686 1020 710 1062 c.
733 998 781 1061 IV
796 998 883 1065 Arati
905 1006 1046 1060 narratur.
1091 999 1178 1060 Hunc
1199 997 1295 1062 locum

133 1106 158 1167 si
181 1105 343 1185 sequimur,
365 1105 501 1180 incursio,
529 1107 609 1187 prius
637 1125 726 1186 quam
750 1105 862 1188 Sicyon
888 1106 927 1168 ab
950 1107 1047 1168 Arato
1071 1114 1295 1185 expugnaretur,

130 1215 158 1276 id
181 1222 225 1276 est
246 1221 315 1274 ante
337 1230 455 1292 reguum
479 1212 584 1293 Agidis
605 1215 684 1275 iacta
707 1220 760 1276 est.
785 1249 828 1258 -

236 1371 369 1452 Reliquis
403 1379 502 1433 autem
529 1370 603 1433 locis
630 1369 728 1455 Polyb
754 1371 800 1447 H,
826 1369 903 1448 45,1
936 1370 982 1446 H,
1011 1368 1089 1446 43,9
1121 1366 1183 1448 IX,
1210 1369 1297 1449 34,6‚

131 1477 257 1559 Spartae
280 1477 440 1559 periculum
465 1462 657 1554 imminuisse,
680 1479 796 1541 omniuo
818 1494 874 1541 uon
899 1478 1012 1541 dieitur.
1057 1479 1117 1542 Sed
1141 1478 1296 1561 expeditio,

130 1604 206 1666 quae
233 1585 274 1647 ibi
302 1584 493 1663 significatur,
526 1585 627 1646 eadem
654 1594 712 1659 est,
746 1604 820 1666 quae
853 1582 882 1647 in
910 1605 935 1648 c.
964 1585 1044 1648 XIV
1071 1584 1177 1666 Agidis
1205 1595 1235 1648 et
1264 1586 1295 1650 iu

130 1712 154 1754 ο.
178 1689 291 1756 XXXI
314 1690 402 1754 Arati
427 1692 590 1754 accuratius
612 1703 759 1755 narratur.
783 1729 826 1738 —-
850 1780 851 1783 Ἴ

237 1850 299 1915 Sed
323 1870 339 1912 e
363 1870 388 1913 c.
412 1849 493 1913 XIV
515 1850 632 1930 Agidis,
660 1851 743 1932 cujus
770 1861 869 1931 partes
891 1850 1077 1932 Phylarchus
1099 1857 1218 1914 secutus
1243 1850 1295 1927 sit,

129 1959 346 2022 evidentissime
375 1967 505 2038 apparet.
551 1958 701 2039 Nusquam
725 1956 801 2018 enim
824 1956 932 2036 Agidis
954 1957 1052 2021 studio
1075 1957 1211 2022 incensus
1233 1959 1296 2023 vir·

128 2074 223 2129 tutem
253 2067 317 2146 eJ'us
344 2066 436 2126 tantis
463 2064 615 2138 laudibus,
643 2066 762 2143 quantis
790 2063 852 2138 hic,
879 2064 970 2126 effert.
1016 2065 1062 2128 Ac
1083 2083 1199 2129 summa
1220 2064 1296 2141 laus,

129 2193 205 2254 quae
245 2173 271 2235 ei
303 2180 421 2252 propter
448 2170 665 2251 simplicitatem
692 2170 842 2237 tribuitur:
870 2164 1013 2256 εὐτελείᾳ
1038 2167 1092 2234 καὶ
1118 2169 1299 2258 φιλοπονία

130 2276 184 2342 καὶ
207 2283 252 2364 uqi
270 2271 377 2364 μηδὲν
407 2272 537 2340 ἰδιώτου
563 2271 790 2360 λαμπρότερον
821 2270 1037 2362 ἠμφιέσθαι.
1059 2323 1067 2341 .
1089 2279 1295 2343 ,laudatorem

132 2386 287 2448 earundem
310 2384 450 2446 virtutum
472 2384 501 2445 iu
525 2403 548 2445 c
568 2382 617 2446 IV
644 2384 786 2463 significat
813 2391 844 2445 et
869 2383 1036 2447 arctissime
1064 2384 1202 2448 cohaeret
1228 2404 1295 2449 cum

130 2491 194 2565 IV,
216 2489 236 2554 2
260 2487 313 2554 καὶ
335 2489 446 2554 πᾶσαν
477 2484 570 2566 ε’κδδς
598 2487 652 2554 καὶ
674 2484 840 2572 διαφυγών
863 2487 1072 2554 πολοτελέιαν
1095 2486 1293 2573 ἐγκαλλωπί-

130 2598 250 2676 ζεσθαι
270 2595 315 2680 uqi
336 2596 528 2680 τριβωνίῳ..
544 2647 550 2659 .
565 2646 572 2661 .
589 2598 666 2659 Tota
687 2598 852 2659 narratione
879 2606 976 2658 autem
1000 2596 1051 2659 illa
1073 2596 1188 2680 Polybii
1210 2598 1290 2661 vitu-

127 2704 255 2785 peratio,
285 2702 483 2785 Phylarchum
506 2723 632 2766 resnou
656 2713 689 2767 ut
710 2706 804 2765 iactae
827 2703 898 2777 siut,
924 2703 976 2765 sed
998 2712 1032 2766 ut
1054 2704 1116 2766 lieri
1138 2703 1295 2785 potuerint,

127 2810 308 2883 describere,
330 2809 529 2874 confirmatur.
546 2846 590 2856 -
607 2809 767 2892 Phylarchi
783 2808 996 2872 enarrationem
1011 2810 1189 2874 Plutarchus
1203 2830 1295 2892 usque

129 2918 169 2979 ad
190 2917 263 2980 illud
285 2935 302 2977 e
326 2917 440 2978 Batone
462 2917 617 2996 repetitum
646 2919 708 2996 (cir.
732 2915 840 2978 Miillar
860 2918 915 2996 frg.
937 2915 985 2978 IV
1008 2938 1037 2999 p.
1066 2913 1143 2999 347)
1174 2911 1294 2994 „orirer

130 3017 191 3089 οὐκ
212 3020 341 3087 ε’δέλειν
356 3018 528 3103 μάχεσθαί
547 3038 632 3109 φησι
652 3018 708 3086 τόν
723 3003 842 3106 ³11th
857 3024 996 3104 sequitur.
1043 3024 1104 3088 Sed
1120 3025 1294 3089 Plutarchus

130 3130 252 3195 Batonis
283 3131 456 3192 seutentiam
480 3131 573 3210 rejicit
596 3139 625 3192 et
652 3129 743 3210 ipsius
762 3129 903 3210 judicium
936 3130 1033 3193 verbis
1067 3150 1083 3191 e
1110 3132 1205 3195 Arato
1238 3134 1293 3196 dc-

130 3236 275 3319 promptis
304 3237 464 3316 omprebat.
510 3236 587 3299 Sunt
613 3243 717 3298 'autem
752 3236 838 3303 haec:
871 3229 1012 3320 Ἄρατος
1044 3237 1184 3322 γέγραφε
1217 3239 1293 3322 περὶ

129 3340 251 3409 τούτων
296 3338 593 3432 ἀπολογιζόμενος,
634 3335 684 3406 ὅτι
719 3341 845 3425 βέλτιον
884 3338 995 3429 ἡγεῖτο
1032 3339 1107 3420 τοδς
1150 3341 1294 3428 καρποδς

132 3445 253 3532 σχεδον
276 3443 422 3524 ἅπαντας
446 3450 748 3531 συγκεκομισμένων
770 3455 833 3513 τοῖν
855 3449 1003 3533 γεωργῶν
1022 3450 1207 3534 παρελθεῖν
1220 3446 1295 3528 τούς

132 3556 311 3638 πολεμίους
326 3549 350 3644 ἢ
363 3551 449 3643 μάχῃ
467 3555 730 3620 διακινδυνεῦσαι
745 3553 821 3638 περὶ
835 3556 898 3620 τῶν
914 3549 1010 3621 ὅλων.
1056 3557 1117 3620 Sed
1133 3577 1200 3621 cum
1222 3559 1296 3622 haec

135 3666 226 3727 verba
250 3664 370 3727 Batonis
393 3664 567 3726 sententiam
590 3683 646 3726 nou
671 3671 805 3742 tangant,
827 3672 934 3726 rectam
959 3683 1025 3727 eam
1049 3684 1112 3728 esse
1133 3667 1296 3746 putandum

133 3780 192 3846 est,
220 3770 249 3833 id
283 3771 359 3852 quod
381 3771 580 3833 controversia
602 3770 652 3832 illa
673 3770 779 3850 Agidis
807 3781 894 3852 atque
915 3770 1004 3834 Arati
1030 3779 1061 3833 et
1087 3770 1180 3834 reditu
1202 3770 1298 3853 Spar-

131 3887 265 3940 tanorum
287 3878 373 3940 etiam
394 3878 587 3940 confirmatur.
633 3878 709 3939 Nam
728 3897 791 3940 cum
808 3877 949 3959 Spartani
971 3885 1039 3940 aute
1059 3897 1186 3959 pugnarn
1209 3898 1292 3942 com·

131 3985 253 4047 missam
271 3985 388 4046 demum
402 3982 544 4059 redirent,
560 4005 608 4046 eos
625 4002 751 4064 pugnam
766 4004 927 4060 recusasse,
943 3994 1073 4067 apparet.
1113 3985 1288 4048 Plutarchus

132 4098 232 4156 autem
259 4099 352 4158 totam
379 4111 440 4155 rem
464 4091 623 4176 Phylarchi
650 4092 815 4156 narratione
837 4091 989 4168 inductus,
1013 4128 1056 4138 —
1078 4091 1155 4174 spic
1172 4112 1211 4149 so
1227 4111 1307 4164 qus-
