2856 4574
216 1439 330 1501 UNDE
353 1435 641 1500 MANAVERINT
665 1437 735 1512 ΕΑ,
759 1434 876 1508 QUAE
900 1438 929 1500 A
954 1433 1210 1501 PLUTAROHO

126 1563 172 1626 IN
196 1562 309 1625 VITIS
343 1560 491 1637 ARATL
519 1559 681 1635 AGIDIS,
716 1559 970 1637 OLEOMENIS,
1001 1559 1292 1637 ENARRANDIS,

405 1684 733 1758 PROFERUNTUR,
757 1682 1014 1755 QUAERITUR„

233 1966 338 2066 Vitae
353 2002 458 2078 Arati,
478 2001 597 2082 Agidis,
621 1989 799 2079 Cleomenis,
823 2022 888 2065 cum
907 2001 1024 2082 saepius
1040 2002 1202 2066 arctissime
1218 2003 1293 2065 inter

130 2138 162 2178 se
196 2119 367 2198 conjunctae
397 2127 426 2179 et
456 2137 604 2180 connexae
632 2116 703 2192 sint,
730 2138 780 2192 ne,
808 2136 882 2196 quae
909 2117 1128 2190 concluduntur,
1156 2122 1208 2176 aut
1235 2115 1293 2176 sint

126 2226 244 2286 incerta
270 2234 321 2286 aut
348 2245 403 2287 non
432 2226 469 2286 ab
498 2225 576 2306 omni
602 2232 687 2304 parte
715 2244 777 2287 rem
804 2224 1015 2303 ponderantla‚
1045 2241 1105 2283 uua
1132 2229 1293 2284 tractentur

127 2351 245 2394 necesse
277 2351 342 2393 esse
371 2332 442 2394 mihi
470 2330 593 2393 videtur.
639 2331 717 2394 Nam
741 2351 806 2393 curn
833 2332 926 2392 fontes
948 2327 1099 2392 Plutarchi
1121 2347 1158 2389 ex
1182 2328 1292 2390 duobus

234 2506 308 2570 Quae
328 2506 354 2559 in
374 2505 488 2573 singulis
506 2504 572 2559 vitis
590 2495 791 2573 perscrutandis
809 2508 952 2558 versantur
964 2501 1136 2572 quaestiones
1149 2500 1201 2556 hae
1216 2504 1292 2559 sunt:

127 2593 229 2652 Lucht:
249 2597 290 2648 De
309 2595 394 2648 Arato
414 2593 544 2664 Sicyonio.
582 2594 642 2648 Kiel
663 2596 740 2649 1838.
777 2594 869 2662 Progr.

128 2684 278 2741 Kracaucr:
303 2684 344 2738 De
362 2682 445 2737 Arato
465 2681 598 2753 Sicyonio¹
634 2683 773 2739 Bresslan.
809 2682 923 2736 Dissert.
962 2682 1039 2738 1874.

127 2771 253 2839 Koepke:
272 2773 313 2825 De
331 2771 553 2840 Hyponrnematis
572 2771 690 2826 Graecis.
727 2769 931 2837 Brandenhurg.
968 2769 1063 2839 Progr.

127 2859 241 2914 Thorns:
261 2861 302 2914 De
320 2859 466 2930 Phylarchi
484 2860 543 2914 vita
560 2865 590 2914 et
608 2858 721 2928 scriptis.
758 2858 870 2926 Leipzig
891 2861 967 2917 1836.

130 2946 297 3002 Brueclrncr:
316 2947 462 3017 Plrylarchi
480 2947 544 3007 hist.
563 2949 698 3018 reliquiae.
734 2947 861 3002 Bresslan
882 2950 959 3004 1839,

130 3035 231 3095 Lucht:
253 3037 417 3106 Fragmenta
434 3036 567 3094 historiar.
586 3035 739 3106 Phylarchi.

130 3123 309 3183 Schoemann:
328 3126 475 3194 Prolegom.
489 3124 525 3180 ad
538 3125 609 3180 vitas
621 3125 700 3194 Agin.
714 3129 742 3179 et
754 3125 888 3183 cleomen.
901 3123 1036 3180 Plutarch.
1073 3121 1198 3183 Greifsw.
1213 3125 1290 3181 1859.

236 3217 272 3268 Et
294 3228 363 3282 quae
386 3219 525 3281 praeterea
547 3214 581 3268 de
603 3213 755 3284 Phylarcho
776 3220 805 3268 et
826 3215 911 3270 Arato
933 3214 1034 3282 scripta
1058 3217 1136 3282 suut,
1160 3227 1242 3281 quum
1265 3212 1293 3266 in

128 3303 251 3371 pluribus
279 3300 403 3370 operibus
430 3301 552 3371 dispersa
582 3303 765 3373 inveniantur,
800 3302 996 3370 praemittenda
1021 3316 1081 3356 esse
1109 3306 1183 3370 puto.
1225 3299 1295 3355 Sunt
1343 3324 1347 3331 ·

129 3397 221 3446 autern
240 3391 313 3445 haec.

131 3480 262 3538 Sevinus:
292 3477 474 3548 „Recherches
498 3496 544 3535 sur
567 3482 593 3536 la
615 3481 658 3536 vie
680 3486 708 3535 et
730 3481 770 3535 les
792 3495 926 3550 ouvrages
949 3479 982 3535 de
1005 3478 1179 3552 Phylarche.“
1215 3478 1293 3533 Mem.

341 3568 374 3623 de
392 3568 486 3622 l'acad.
505 3569 554 3624 des
572 3570 693 3638 inscript.
730 3569 747 3624 f.
767 3570 809 3624 XI
827 3585 852 3637 p.
873 3572 932 3626 185.

131 3655 264 3711 Niebuhr:
283 3659 421 3726 Vortrtige
440 3657 483 3716 rrb,
502 3658 557 3712 alte
575 3658 673 3719 Gcsch.
709 3661 753 3715 ΠΙ
772 3657 798 3713 S.
818 3661 835 3716 5
854 3674 879 3712 u.
899 3661 960 3718 349.

131 3745 235 3802 llanso:
261 3745 358 3814 Sparta
376 3748 432 3816 HI,
451 3750 468 3803 2
486 3763 504 3815 p
524 3751 574 3804 133
594 3763 654 3817 sqq.

132 3831 262 3891 Creuzer:
280 3836 331 3890 Die
349 3835 443 3890 histor.
462 3836 554 3891 Kunst
572 3834 619 3890 dcr
637 3836 779 3895 Griechen.
816 3835 843 3890 S.
863 3838 927 3893 343.

131 3921 225 3988 llaug:
245 3921 355 3986 Quellen
375 3924 461 3978 Plut’s
479 3924 507 3977 in
525 3924 577 3978 den
591 3925 681 3994 Biogr.
701 3924 749 3979 der
761 3924 903 3981 Gricchen.
938 3924 1081 3992 Tlihingcn
1105 3925 1184 3982 1854.
1221 3922 1295 3979 Diss.

130 4008 238 4066 Lukas:
258 4009 344 4064 Ucber
357 4011 443 4083 Polyb
457 4013 633 4083 Darstelluug
646 4014 694 4069 des
707 4013 793 4071 Aetol.
807 4012 926 4071 Bundes.
963 4011 989 4070 S.
1006 4016 1041 4069 57
1059 4012 1087 4070 ff.
1122 4009 1296 4080 Kttuigaberg

345 4102 421 4156 1827.
458 4101 551 4171 Progr.

1098 4208 1125 4259 t.
