2856 4574
603 145 822 212 ..32-

126 339 256 424 ἕτέροος
281 333 320 405 δὲ
340 340 480 422 πέμπειν
503 336 653 405 ἐκέλευεν
679 333 766 427 αὐτῷ
787 337 1008 436 παραδιδότω
1029 337 1090 430 τήν
1112 338 1297 430 ἠγεμονίαν

129 443 173 523 ὥς
187 427 288 511 τᾶλλα
302 440 350 532 μή
367 442 587 528 διοισόμενος.
624 446 709 519 Quae
724 448 830 511 relatio
847 468 904 511 noo
923 451 1004 512 iavet
1018 449 1176 514 Cleomeni.
1215 442 1307 512 Narrr'

129 555 228 618 subito
251 572 318 616 eum
341 553 553 634 postulationes
576 562 639 616 tam
662 553 767 633 injuste
794 555 925 629 auxisse,
952 563 985 617 ut
1012 575 1157 618 summam
1180 556 1298 636 imperii

130 669 275 743 posceret,
298 679 364 721 cum
387 657 502 722 Achaei
523 660 635 741 primas
657 659 838 723 condiciones
860 662 990 742 accipere
1011 662 1134 736 vellent,
1164 663 1299 725 consulto

129 762 345 849 praedicatur*
400 765 499 847 Atque
531 767 623 829 verba
649 744 792 840 ιδςτᾶλλα
822 762 870 854 μή
904 763 1113 848 διοισόμενος
1147 768 1299 831 cavillatio

126 875 241 936 illarum
265 871 470 936 condicionum
492 872 679 952 intelligenda
701 880 779 935 sunt.
796 908 840 918 -
862 874 1062 957 Phylarchum
1089 885 1188 939 autem
1211 875 1302 938 aliter

7 978 13 993 ⁸
127 981 164 1042 de
190 979 237 1042 his
266 979 354 1042 rebus
381 977 551 1053 tradidisse,
579 999 616 1041 ex
642 978 731 1043 Aret.
760 977 938 1042 XXXVIII
964 982 1159 1060 cognoscimus
1186 982 1300 1046 καίτοι

126 1077 196 1174 ᾔτει
223 1081 243 1149 o‘
269 1084 459 1172 Κλεομένης
486 1078 547 1171 τήν
575 1082 681 1173 ἀρχήν
709 1079 753 1161 οἷς
781 1069 895 1150 πολλό
917 1081 1070 1174 ποιήσων
1096 1082 1212 1171 dyada
1240 1085 1301 1164 τός

127 1187 241 1267 πόλεις
259 1185 331 1256 α’ντὶ
352 1193 408 1279 τῆς
431 1190 529 1278 τιμῆς
550 1184 691 1279 ἐκείνης.
714 1227 759 1240 -·

233 1297 343 1362 Verbis
357 1292 451 1377 ἔτνχε
464 1292 523 1362 τόν
537 1297 707 1386 Κλεομένη
725 1295 890 1372 συντόνως
907 1294 1130 1365 ὁδεύσαντα..
1152 1298 1230 1380 XV,
1259 1300 1299 1365 11

129 1405 306 1468 Plutarchus
328 1405 368 1468 ad
391 1403 521 1485 priorem
543 1405 668 1481 ionum,
690 1407 730 1469 ad
754 1405 956 1488 Phylarchnm
978 1407 1072 1481 redit,
1095 1427 1181 1488 quem
1205 1427 1303 1490 usque

132 1513 172 1575 ad
196 1511 310 1576 initium
333 1509 440 1591 capitis
461 1508 561 1574 XVII·
580 1513 719 1594 sequitur.
764 1511 865 1594 Atque
886 1509 959 1587 XV,
982 1512 1002 1576 3
1026 1522 1174 1587 narratur,
1201 1516 1303 1580 subito

131 1619 232 1683 morbo
255 1617 420 1681 Cleomenis
442 1627 618 1680 conventum
639 1619 772 1694 Lernae,
800 1619 850 1680 ubi
877 1619 914 1680 de
941 1639 1011 1700 poce
1038 1639 1123 1699 agere
1151 1621 1302 1698 volebant,

132 1724 312 1806 prohibitum
335 1743 414 1799 esse,
436 1742 496 1804 qua
516 1743 548 1787 re
571 1732 635 1786 tote
650 1723 776 1788 Graecia
797 1726 860 1789 sine
882 1725 943 1787 nlla
958 1745 1010 1807 spe
1025 1727 1127 1788 salutis
1142 1730 1302 1808 superbiae

130 1824 233 1913 (ὕβρει
260 1827 315 1893 καὶ
341 1827 530 1916 πλεονεξίᾳ)
557 1831 753 1894 Macedonum
785 1833 896 1894 tradita
927 1840 1015 1898 esset.
1059 1833 1214 1896 Neminem
1244 1837 1301 1899 nisi

131 1936 317 2004 Cleomenem
332 1955 417 2018 posse
426 1936 569 2000 Graeciae
584 1937 710 2000 salutem
724 1941 798 2001 ferre
808 1937 994 2020 Phylarchus
1009 1938 1163 2003 sentiebat.
1200 1942 1296 2004 Accu-

128 2044 221 2106 ratior
243 2051 343 2106 autem
364 2043 417 2105 illa
438 2044 594 2125 descriptio
616 2063 722 2107 musae
744 2045 922 2126 rationisque
950 2046 1046 2107 morbi
1069 2045 1235 2111 Cleomenis
1253 2046 1289 2108 ad

130 2151 256 2216 eundem
277 2148 481 2232 phylarchum
509 2157 658 2214 auctorem
681 2150 802 2214 reducit.
826 2186 870 2196 -
893 2151 956 2214 Sed
983 2172 1079 2214 rerum
1102 2155 1293 2217 condicionem

130 2265 298 2337 spectantes
324 2256 460 2319 dubitare
488 2275 658 2337 pessumus,
690 2277 759 2320 num
786 2268 865 2321 reate
892 2259 1021 2335 dicatur,
1054 2258 1138 2320 illum
1166 2261 1300 2324 morbum

130 2363 296 2428 Cleomenis
317 2361 409 2425 solam
433 2383 552 2426 causam
575 2364 679 2439 luisse,
709 2384 781 2445 qua,
809 2365 961 2444 quominus
989 2374 1124 2444 ageretur
1150 2367 1186 2428 de
1213 2387 1302 2447 pace,

128 2468 341 2550 prohiberetur.
385 2468 467 2532 Nihil
489 2469 566 2532 enim
585 2471 655 2533 lecit
669 2469 841 2533 Cleomenes
857 2478 891 2532 nt
906 2471 1134 2533 retardationem
1149 2474 1306 2550 excitaret,

128 2594 221 2656 neque
242 2575 340 2649 misit,
368 2576 417 2658 qui
449 2595 502 2639 suo
531 2576 594 2639 luco
624 2577 754 2639 actiones
783 2577 962 2640 inchoarent.
1008 2578 1111 2659 Neque
1133 2577 1306 2644 Cleomenis

130 2682 268 2756 multum,
301 2701 405 2763 pacem
432 2682 513 2746 brevi
540 2693 670 2764 tempure
696 2684 772 2758 lieri,
807 2684 972 2746 interfuisse
1002 2684 1127 2758 ridetur,
1159 2684 1188 2745 id
1223 2690 1308 2767 quod

129 2790 219 2852 etiam
241 2807 280 2851 ex
300 2807 335 2851 eu
351 2797 491 2872 apparet,
513 2791 589 2872 quod
605 2790 817 2872 postulationes
832 2790 974 2870 paulatim
992 2789 1083 2852 auxit.
1128 2787 1308 2856 Cleomenes

131 2895 207 2958 enim
229 2895 361 2959 actiones
391 2896 491 2959 differe
513 2896 632 2960 volebat
658 2905 822 2960 commotus
849 2895 1080 2958 contentionibus
1101 2896 1181 2958 intra
1203 2897 1308 2962 luedus

130 3002 217 3078 ortis,
240 3002 345 3084 quibus
369 3010 464 3066 totam
480 3002 714 3084 Peloponnesum
736 3004 793 3066 sibi
814 3003 877 3065 siue
900 3002 959 3065 nlla
980 3002 1147 3065 condicione
1161 3005 1305 3069 traditum

129 3108 163 3171 iri
186 3110 327 3190 sperabat
350 3106 476 3189 (Cleom.
499 3107 609 3182 XVII,
633 3107 655 3172 3
676 3107 771 3185 XIX,
796 3108 813 3171 1
838 3110 925 3172 Anat.
948 3106 1117 3194 XXXIX).

246 3215 346 3296 Caput
367 3212 448 3277 XVI
474 3215 504 3280 in
526 3215 693 3298 Phylarcho
719 3217 844 3298 positum
871 3235 935 3278 esse
961 3236 999 3279 ex
1020 3217 1128 3279 odiosis
1150 3213 1296 3280 rerbisiu

133 3321 262 3384 Aratum
291 3319 528 3404 Macedonesque
555 3322 639 3386 dictis
665 3331 696 3385 et
723 3322 811 3385 laude
837 3321 958 3385 eximia·
971 3322 1136 3387 Cleomenis
1168 3326 1295 3405 apparet.

133 3466 247 3527 nuntur,
272 3459 400 3529 imprimIs
423 3459 632 3530 postulationem
649 3475 770 3516 summae
791 3460 907 3530 imperii,
930 3475 1049 3517 summae
1072 3461 1192 3516 omnium
1210 3471 1302 3513 rerum

132 3547 389 3621 administrationis,
415 3548 553 3605 moderata
574 3549 674 3606 habere
690 3565 726 3605 ex
744 3551 952 3606 commutatione
975 3565 1025 3605 sua
1046 3550 1162 3619 cogitur.
1178 3581 1212 3590 -
1230 3547 1306 3613 Quid

135 3643 224 3698 altera
241 3641 301 3713 ejus
325 3645 499 3700 mmmoatio
515 3634 644 3719 ἑτέρους
658 3632 696 3702 δι’
710 3629 910 3718 πεμπόντων
927 3633 1075 3702 εἰιεδενεν
1095 3634 1181 3720 αὑτῷ
1200 3657 1306 3718 παρα·

130 3734 258 3805 διδόναι
276 3735 336 3827 τήν
355 3735 532 3827 ἡγεμονίαν
549 3743 607 3798 loco
624 3741 718 3798 horum
736 3741 878 3798 verborum
896 3735 1026 3819 ἑτέρους
1044 3730 1081 3800 δὲ
1102 3737 1242 3818 πέμπειν
1253 3782 1262 3798 .
1275 3780 1306 3801 ..

131 3834 198 3889 velit
224 3835 338 3902 reperire
363 3851 418 3889 non
445 3833 529 3902 potui.
579 3833 643 3890 blihi
672 3834 739 3890 illud
766 3848 963 3902 supervacuum
989 3832 1081 3901 itaque
1108 3830 1307 3901 repudiandum

130 3922 329 3981 videturesse.

235 4011 252 4048 *
270 4011 566 4083 bramantiones
583 4011 647 4067 baio
665 4012 724 4068 loco
741 4013 816 4082 (XV,
836 4013 864 4079 2)
882 4009 978 4065 inserit
995 4009 1112 4065 reditum
1130 4010 1305 4078 captivorum

130 4117 185 4157 nou
203 4106 289 4172 recte,
307 4101 353 4170 qui
371 4101 509 4157 redieruut
528 4108 664 4157 monento
683 4099 757 4171 apud
773 4101 889 4156 Lernam
907 4098 1052 4170 prohibito.
