2856 4574
605 182 827 246 ..31-

133 382 243 458 selec,
265 381 344 463 quod
362 378 556 442 Plutarchum
578 398 637 442 non
659 397 828 452 revocasse,
851 375 907 439 nisi
921 375 999 439 illius
1014 375 1068 440 loci
1083 375 1161 438 vitae
1175 377 1301 459 Lycurgi

128 486 351 555 recordationes
377 485 514 561 dicimus,
546 484 653 565 exponi
680 493 789 564 potest.
834 484 934 565 Atque
962 482 1014 546 illa
1040 481 1117 544 ratio
1144 484 1302 564 popularis,

128 616 208 679 quae
230 594 273 658 ibi
297 592 382 654 velut
403 592 452 655 hic
474 585 670 671 cognoscitur,
692 600 839 672 postremo
863 591 904 652 sd
925 610 975 652 ecs
997 591 1159 653 revocanda
1174 599 1232 667 est,
1253 592 1302 673 qni

127 704 319 768 Cleomenem
340 698 574 772 circumdabant,
595 704 625 759 et
647 697 788 777 imprimis
807 716 859 778 per
876 695 1041 777 Sphaerum
1063 696 1159 772 libris,
1182 698 1229 778 qni
1252 699 1300 760 iu-

128 809 309 874 scribmrtur:
335 802 431 888 ,usqi
443 796 640 885 Λυκούργου
653 799 706 868 καὶ
719 798 930 885 Σωκράτοος“
948 810 979 864 et
994 800 1092 885 „neni
1106 804 1302 892 Λακωνικῆς

133 913 334 991 aruceus,
357 911 463 993 quihus
485 910 661 973 Plutarchus
683 909 731 972 vel
755 910 825 990 ipsis
849 910 896 971 rel
918 908 1036 972 truditis
1062 910 1214 972 advitam
1237 912 1300 993 Ly-

135 1021 216 1103 curgi
238 1019 422 1085 scribendam
445 1037 515 1080 usus
538 1025 598 1092 est,
620 1023 650 1078 et
672 1036 724 1098 per
738 1015 936 1098 Phylarchnm
959 1016 989 1077 in
1013 1015 1136 1079 historia
1152 1018 1258 1097 Agidis
1273 1027 1302 1081 et

136 1127 301 1193 Cleomenis
323 1125 438 1207 prodita
462 1133 517 1186 est.
541 1109 585 1172 ¹-

241 1230 407 1298 Cleomenis
430 1250 501 1293 vero
527 1232 624 1312 cupite
645 1227 726 1294 XIV
755 1248 803 1291 res
833 1229 862 1291 iu
884 1227 962 1291 bello
984 1238 1084 1309 gestes
1110 1249 1196 1310 porro
1222 1240 1302 1293 trac-

139 1349 250 1405 tantur.
307 1336 462 1402 Mantinea
496 1338 606 1401 deiecit
642 1339 683 1400 ab
716 1335 861 1411 Achaeis,
893 1335 1000 1398 transit
1032 1337 1069 1398 ad
1103 1335 1302 1404 Cleomenem.

130 1422 270 1521 Quarum
292 1464 391 1508 rerum
414 1445 624 1525 expositionem
648 1464 664 1506 e
686 1451 772 1525 perte
796 1442 960 1505 Cleomenis
983 1451 1115 1511 exortam
1137 1463 1201 1506 esse
1219 1445 1303 1507 facilc

131 1553 339 1633 cognoscimus
360 1570 398 1613 ex
420 1550 467 1614 his
482 1550 636 1614 Plutarchi
658 1549 769 1613 verbis:
793 1543 853 1612 ὅδὲ
872 1547 1061 1635 Κλεομένης
1082 1545 1157 1624 τούς
1178 1545 1303 1631 νόμους

136 1653 253 1735 obrotc
285 1650 433 1730 sinodocic
461 1649 656 1744 οὐθήμερον
688 1652 844 1743 ἀπῆλθεν
877 1656 983 1737 quibus
1015 1656 1134 1731 dicitur,
1169 1676 1219 1719 cos
1253 1659 1302 1740 qui

139 1764 380 1829 Lacedaemoniis
419 1765 591 1839 studebant,
620 1781 752 1826 summae
785 1781 880 1825 rerum
911 1780 1046 1843 praeesse
1072 1772 1135 1824 tum
1162 1765 1301 1844 coepisse.

136 1872 223 1935 Haec
248 1871 348 1935 vate:
371 1863 556 1956 ἐστρατήγει
585 1863 646 1952 μὲν
677 1862 735 1952 γὰρ
766 1867 956 1951 Υπερβοτᾶς
981 1863 1053 1933 τότε
1080 1869 1259 1934 Plutarchus
1287 1889 1303 1932 e

135 1976 355 2042 commentariis
389 1977 431 2039 rei
458 1977 647 2056 corrigendae
681 1995 769 2038 causa
797 1976 911 2038 videtur
943 1977 1100 2040 addidisse.
1146 1980 1246 2057 Atque
1272 1978 1303 2040 in

131 2085 221 2149 Arcti
248 2084 313 2147 vita
339 2103 388 2146 res
415 2093 563 2165 postremo
591 2083 686 2146 dimac
713 2083 869 2145 ommissae
898 2092 974 2147 sunt.
1020 2084 1181 2146 Praeturae
1204 2086 1302 2160 Arati,

130 2191 331 2275 Hyperbatae
352 2190 474 2271 imperio
496 2190 720 2272 praetermisso,
747 2189 927 2252 Plutarchus
956 2191 1085 2272 ejusdem
1113 2191 1303 2270 magistratus

135 2295 416 2361 administrationem
443 2296 595 2359 Timoxcni
623 2297 764 2370 annectit,
791 2317 876 2377 quem
904 2296 1001 2359 Arato
1029 2298 1145 2360 omnino
1172 2298 1303 2362 deditum

133 2405 223 2467 luisse
245 2422 282 2465 ex
309 2403 406 2488 Polyb
421 2401 470 2466 IV
470 2451 478 2478 ‚
502 2401 536 2477 V,
562 2402 603 2466 10
625 2412 655 2464 et
668 2401 727 2476 IV,
752 2401 795 2466 82
810 2402 1008 2482 intelligimus.
1054 2402 1121 2474 Qua
1143 2424 1174 2467 re
1187 2425 1304 2467 summa

137 2509 309 2587 auctoritas,
346 2530 433 2592 quam
462 2510 591 2573 Arctum
626 2528 679 2589 per
710 2509 792 2571 illum
821 2529 929 2572 sunum
958 2509 1112 2585 habuisse,
1147 2513 1303 2574 memoriae

133 2618 283 2698 proditum
305 2626 368 2690 est,
392 2617 533 2680 declarari
557 2626 664 2697 potest.
689 2652 732 2662 —
754 2614 874 2680 Initium
896 2616 985 2679 Arcti
1009 2618 1112 2698 cupitis
1127 2616 1304 2682 XXXVIII

130 2723 193 2804 jam
228 2731 320 2788 antea
352 2725 391 2787 ud
425 2724 649 2788 commentarios
681 2731 850 2786 revocatum
878 2733 932 2787 est.
978 2723 1112 2787 Alteram
1139 2733 1256 2805 partem
1285 2748 1304 2790 a

134 2830 303 2912 Phylarcho
330 2829 468 2912 originem
497 2831 622 2912 cepisse,
648 2830 758 2894 odiosis
786 2832 883 2894 verbis
911 2839 1014 2893 contra
1042 2832 1169 2895 Arctum
1196 2835 1302 2895 Mace-

139 2934 286 3014 donesque
306 2937 391 3001 dictis
413 2937 590 3018 intelligitur.
636 2935 762 3000 Duobus
786 2938 856 3000 locis
878 2936 991 3000 Aratus
1015 2945 1046 2999 et
1069 2938 1211 3021 Polybius
1233 2959 1304 3002 anc-

140 3047 219 3101 tores
242 3040 373 3107 citantur.
418 3045 554 3107 Ceterum
581 3043 633 3106 ills
660 3053 745 3124 parte
771 3044 864 3107 multo
890 3043 1005 3125 planior
1031 3053 1076 3106 est
1109 3046 1188 3107 vitae
1216 3047 1304 3109 Cleo-

138 3147 234 3210 menis
249 3157 339 3230 ceput
349 3146 420 3215 XV.
465 3153 565 3234 Atque
578 3148 653 3225 XV,
672 3148 689 3212 1
706 3150 841 3232 incipitur
856 3159 994 3232 praetura
1010 3151 1172 3214 Timoxeni.
1211 3151 1298 3223 Quod

134 3261 287 3330 narratur,
313 3257 454 3335 Aratum,
481 3258 616 3323 utillum
644 3257 848 3337 magistratum
875 3258 1049 3339 susciperet,
1077 3265 1210 3337 rogatum
1239 3280 1304 3323 esse

134 3356 336 3444 (καλούντων
359 3363 413 3430 καὶ
442 3365 617 3446 δεομένων)
646 3366 683 3427 ed
712 3365 936 3429 commentarios
964 3366 1145 3440 reducimus,
1173 3367 1222 3447 qui
1249 3367 1304 3430 soli

136 3487 171 3531 cx
198 3470 339 3548 fontibus,
373 3473 423 3553 qni
454 3473 492 3534 ad
521 3471 612 3535 vitum
642 3470 732 3535 Arati
764 3471 983 3535 describendam
1015 3472 1151 3546 aderant,
1182 3492 1304 3536 accura—
1394 3468 1397 3473 ’

136 3574 224 3640 tiores
247 3578 406 3641 relationes
430 3579 467 3640 de
490 3578 612 3640 internis
633 3579 758 3641 foederis
781 3581 868 3643 rebus
891 3580 1025 3642 videntur
1039 3579 1302 3659 comprehendisse.

135 3682 238 3745 Eidem
262 3685 453 3747 attribuenda
477 3693 558 3760 sunt,
582 3704 656 3765 quac
678 3685 738 3746 sint
760 3696 827 3748 ucta
842 3687 879 3749 de
894 3707 975 3768 pace.
1021 3686 1198 3748 Plutarchus
1219 3687 1303 3754 dicit:

134 3788 326 3876 Κλεομένης
359 3792 487 3867 occisor
520 3786 582 3871 μὲν
614 3789 745 3873 μέτρια*
776 3787 884 3857 ἐδόκει
911 3795 1087 3878 πρέσβεσιν
1124 3787 1304 3857 ἐποιάττειν

246 3947 261 3982 *
281 3946 375 4019 Bisss:
393 3947 535 4003 Plutarchs
548 3946 617 4016 Agis
635 3962 661 4004 u.
675 3945 838 4007 Cleomenes.
875 3949 987 4018 Leipzig
1002 3953 1071 4009 1875
1090 3948 1216 4004 hocloco
1228 3949 1305 4018 pouit

134 4030 267 4114 πρῶτον
292 4027 336 4098 oo'
357 4033 484 4118 peroro,
511 4056 566 4110 qua
592 4040 741 4095 moncons
763 4055 806 4095 res
828 4041 942 4112 intelligi
968 4057 1023 4098 non
1048 4048 1148 4112 potest.
1184 4043 1305 4098 arsurus

133 4128 274 4194 postulato
292 4128 404 4183 ulterius
422 4129 580 4202 legationis,
604 4146 674 4201 quac
692 4131 734 4188 his
752 4133 844 4201 primis
862 4134 1061 4191 condicionibus
1079 4137 1202 4205 consulto
1220 4152 1301 4205 eppo
