2856 4574
647 175 868 240 „13...

283 367 344 433 aas
385 366 554 450 Spartanae
588 388 706 433 summa
739 369 893 450 diligentia
913 377 944 432 et
978 369 1085 451 Agidis
1118 371 1339 454 Cleomenisqne

176 472 274 539 studio
295 473 430 538 mansus
453 473 640 558 Phylarchus
661 476 815 552 tractavit,
842 477 893 539 sed
921 477 1070 540 consilium
1096 480 1159 560 ejus
1189 478 1218 540 in
1245 499 1344 541 rerum

175 590 325 661 galatum
346 579 529 644 nmatione
549 599 608 645 non
625 590 687 644 tatu
710 582 739 644 in
759 583 935 664 sepositum
959 585 1092 659 videtur,
1113 594 1147 647 ιιι
1162 605 1264 648 verum
1286 605 1341 648 ex-

175 685 270 768 ploret
292 706 328 751 oc
350 687 505 751 memoriae
527 688 649 768 prodat,
671 707 758 769 quam
781 699 814 751 ιιι
836 689 940 752 librum
962 691 1000 752 ad
1022 691 1243 754 delectationem
1268 701 1338 754 tan-

174 800 237 857 tum
259 801 440 876 spectantem
468 793 642 870 contenibat,
669 794 719 875 qui
747 803 777 857 et
803 795 897 858 salsus
924 797 1010 860 dictis
1038 804 1068 859 et
1090 799 1203 860 iacetus
1230 799 1339 861 tabulis

173 899 291 965 insertis
313 910 344 966 et
365 899 463 987 pavis
483 899 595 980 tragico
619 919 698 963 more
722 896 834 964 dicendi
856 901 985 981 legentes
1008 902 1055 965 vel
1072 904 1222 966 audientes
1237 915 1339 967 teneat

175 1024 212 1071 ae
233 1025 332 1073 secum
352 1005 492 1088 abripiat.
540 1004 640 1078 Quam
665 1007 766 1070 obrem
783 1009 909 1089 Agidem
935 1019 965 1071 et
984 1009 1169 1077 Cleomenem
1189 1019 1340 1092 tamquam

174 1115 317 1195 perlectos
335 1122 366 1177 et
384 1113 516 1177 omnibus
534 1112 662 1176 numeris
682 1113 833 1178 absolutos
852 1116 1017 1198 descripsit,
1040 1126 1073 1178 ut
1095 1116 1196 1197 quales
1215 1137 1246 1178 re
1266 1138 1338 1180 vera

66 1218 71 1229 '
173 1220 292 1297 luerim,
315 1218 432 1284 difficile
455 1237 625 1300 cognoscere
649 1221 803 1301 possimus.
887 1282 890 1289 .

280 1325 397 1399 Quibus
423 1345 491 1391 vero
520 1325 591 1390 locis
614 1325 789 1390 Plutarchus
809 1327 972 1411 Phylarchi
998 1331 1164 1393 narratione
1191 1350 1261 1393 usus
1286 1330 1337 1406 sit,

174 1440 204 1498 et
226 1452 264 1497 ax
285 1433 434 1516 partibus,
457 1453 529 1516 quas
552 1432 600 1495 ille
627 1445 742 1497 secutus
765 1443 823 1511 est,
845 1443 875 1496 et
902 1455 918 1496 e
944 1437 1042 1498 studio
1069 1437 1176 1519 ubique
1203 1456 1280 1500 nova
1309 1448 1341 1499 et

174 1538 360 1606 admirabilia
393 1540 506 1603 dicendi
539 1559 575 1603 ac
608 1547 687 1603 metu
723 1548 752 1601 et
784 1540 980 1604 misericordia
1006 1543 1192 1624 permovendi
1225 1543 1340 1606 animos

172 1646 361 1731 cognoscitur.

279 1752 339 1820 sod
365 1752 422 1817 huc
449 1772 505 1817 nou
534 1752 658 1835 pertinet
685 1773 709 1817 c.
738 1753 848 1817 I-III
879 1774 955 1837 quae
978 1755 1152 1818 Plutarchus
1183 1757 1244 1819 vita
1268 1757 1335 1836 jaan

172 1860 284 1944 scripta
309 1859 373 1923 sive
400 1859 578 1923 adumbrata
602 1859 750 1923 addidisse
780 1881 811 1924 se
839 1861 901 1942 ipse
927 1863 1087 1942 profitetur.
1135 1864 1207 1944 (Gir.
1230 1861 1294 1939 III,
1317 1863 1338 1927 3

172 1960 384 2053 Baipodnpldn
410 1960 448 2031 dd
471 1945 578 2050 Ἆγις,
607 1962 682 2049 περὶ
709 1949 750 2030 οὗ
776 1962 854 2031 τάδε
880 1967 1070 2051 γέγραπταις
1102 1971 1151 2032 oir.
1181 1968 1338 2046 Schubert,

179 2072 321 2151 ,Quelleu
345 2071 499 2139 Plutarcho
526 2073 555 2136 in
578 2073 738 2148 Eumenes,
766 2073 948 2150 Demetrius,
975 2075 1125 2157 Pyrrhus“
1158 2075 1203 2140 Fl.
1227 2075 1334 2140 Jahrb.

175 2181 194 2245 l.
218 2179 296 2245 Phil.
319 2176 369 2245 IX
391 2177 496 2262 Suplb.
520 2200 547 2260 p.
572 2175 659 2260 688).

276 2285 350 2351 Inde
369 2295 481 2362 autem,
501 2286 578 2368 quod
599 2286 627 2349 in
650 2304 675 2350 c.
691 2283 724 2348 H
739 2305 803 2348 curu
820 2271 1106 2351 Gracchorum'vitis
1122 2289 1202 2350 vitae
1218 2297 1331 2353 nostrae

172 2396 369 2470 conlaruntur,
391 2399 484 2456 totam
501 2393 653 2457 materiem
673 2412 736 2456 euru
753 2411 838 2455 nosse
854 2391 1036 2472 intelligitur,
1060 2414 1118 2475 qua
1132 2414 1164 2456 re
1179 2394 1209 2456 id
1224 2415 1339 2478 qnoque

172 2501 247 2585 quod
274 2517 364 2582 snpra
390 2498 452 2563 dixi
475 2499 670 2563 confirmatur.
717 2498 823 2579 Capite
846 2499 950 2573 tertio,
974 2499 1054 2562 velut
1081 2501 1161 2582 apud
1183 2502 1338 2581 Ephorum

172 2608 314 2691 (Lycurg.
337 2603 409 2692 30),
431 2605 593 2688 potentiam
616 2605 829 2687 Spartanorum
852 2605 1023 2669 diminutam
1047 2627 1110 2670 esse
1133 2626 1170 2669 ea
1191 2626 1235 2684 re,
1258 2609 1336 2688 quod

170 2713 247 2779 bello
274 2713 523 2795 Peloponnesiaco
554 2731 657 2779 summ
688 2720 717 2774 et
750 2719 902 2792 argentum
930 2712 960 2774 in
991 2712 1141 2776 civitatem
1168 2713 1335 2777 introducta

170 2821 243 2897 sint,
264 2820 463 2894 confirmatur,
485 2819 514 2882 id
541 2819 618 2901 quod
641 2818 828 2883 Plutarchum
857 2818 895 2880 de
921 2839 974 2882 suo
1004 2820 1152 2882 addidisse
1178 2817 1336 2881 verisimile

171 2937 217 2992 eat
240 2929 303 3008 (clr.
328 2925 437 2990 olan.
460 2922 542 3000 XII,
566 2923 611 3008 2).
657 2922 740 2996 Quae
763 2932 924 3006 sequuntur
953 2925 1158 3007 agenealogis
1180 2924 1336 3006 Spartanis

170 3032 297 3117 repetita
319 3041 387 3098 aunt
409 3033 460 3121 a&
483 3033 591 3097 Herod.
614 3029 692 3107 VH,
715 3029 782 3095 204
802 3029 895 3108 VIII,
925 3029 987 3094 131
1011 3030 1073 3108 IX,
1103 3028 1157 3122 64.
1203 3033 1336 3096 Pausan.

169 3138 232 3217 111,
256 3137 313 3217 10,
334 3135 356 3202 ι’)
378 3136 408 3215 Ι,
432 3135 487 3215 13,
509 3137 532 3201 4
553 3136 614 3214 ΠΙ,
636 3136 671 3214 6,
693 3134 725 3203 6.
748 3173 790 3184 -

169 3245 381 3259 *—

171 3295 208 3366 dd
231 3293 466 3383 συναγορεύων.
501 3316 662 3372 suspensum
680 3317 740 3358 esse
758 3318 775 3357 n
792 3301 849 3360 Pol.
867 3302 909 3371 II,
928 3304 1034 3360 56-63
1052 3301 1129 3370 dicit,
1154 3305 1186 3356 ιιι
1203 3300 1253 3371 its,
1272 3314 1331 3353 cum

169 3393 274 3466 Polybll
291 3392 448 3449 relationem
465 3393 527 3452 odio
544 3393 673 3450 diotatm
692 3405 753 3447 esse
770 3387 877 3458 emdat,
896 3391 977 3448 edam
995 3390 1133 3450 Plutarchi
1151 3389 1332 3446 testimonium

169 3488 282 3560 rdlolat
299 3488 492 3560 (bromtonus,
506 3497 538 3547 ιιι
547 3488 631 3548 verba
642 3490 779 3546 Plutarchi
788 3491 977 3549 antecedentia
957 3470 1026 3592 ᾧ,
1038 3480 1085 3571 μή
1097 3503 1155 3545 του
1142 3477 1333 3562 Πολυβίου

167 3578 421 3660 μαρτυροῦντος,
444 3592 485 3639 on
499 3572 589 3641 πάνυ
604 3601 635 3669 τι
649 3570 815 3642 πιστεύειν
832 3570 928 3656 ἄξιον
949 3555 991 3663 ἦν
1015 3579 1121 3651 Polybii
1145 3577 1336 3635 aunmntatem

169 3680 329 3742 muamus,
355 3671 405 3729 sed
422 3672 576 3743 opprobria,
599 3690 669 3745 quae
691 3690 773 3743 supra
796 3672 865 3741 dini,
888 3687 948 3727 curn
972 3673 1045 3741 aprrd
1068 3673 1210 3744 Polybium
1231 3670 1338 3725 nullum

168 3774 259 3816 corum
294 3759 460 3831 inueniatur,
492 3777 508 3817 e
535 3763 647 3834 Polybio
679 3763 837 3832 deprompta
870 3777 943 3831 esse,
977 3778 1031 3818 uon
1062 3761 1230 3820 crediderim.
1277 3760 1338 3816 lion

170 3847 259 3917 rideo,
283 3862 331 3905 our
347 3847 413 3905 illud
430 3865 447 3905 a
465 3851 609 3906 Plutarcho
632 3852 691 3921 ipso
712 3850 888 3922 abjudicetur.
907 3881 941 3890 —
961 3850 1082 3918 Denique
1104 3849 1154 3906 hos
1176 3850 1251 3906 locos
1267 3848 1338 3904 The

169 3934 282 4006 mistnol,
301 3939 344 3996 32.
379 3937 423 3993 De
435 3938 521 4008 gloria
531 3936 630 3994 Athen.
645 3944 661 3998 1
679 3939 715 3996 ab
732 3940 778 3995 illo
795 3939 853 3994 loco
864 3935 970 4009 Polybii
981 3952 1127 4007 suspensos
1138 3952 1211 4007 esse,
1224 3937 1253 3991 id
1263 3935 1337 4006 quod

169 4023 317 4084 auena:
340 4025 561 4097 ,Themistoolcsl
578 4025 735 4097 llarssburg
760 4031 827 4086 1881
850 4042 877 4095 p.
903 4029 954 4082 142
973 4028 1053 4081 Auro.
1074 4031 1088 4083 1
1112 4026 1247 4095 lauduit,
1271 4023 1337 4079 milri

170 4127 223 4169 non
241 4112 378 4183 promor.
