2856 4574
622 153 822 216 ..3-

138 344 213 431 (cfr.
238 340 352 434 ᾤμην,
379 343 442 434 ἔφη
466 344 672 430 Ἀντίγονος,
700 342 758 411 τοι)
781 343 959 412 Σικυώνιον
981 348 1096 413 τοῦτον
1124 349 1303 413 νεανίσκον

137 451 328 536 ἐλευθέριον
352 439 433 517 εἶναι
455 469 504 542 ιη
516 450 615 537 φύσει
637 449 761 535 μόνον.
775 502 802 518 ..
828 448 924 530 αὖτίς
947 433 1006 519 οὖν
1031 448 1236 536 ἀποδέχομαι
1259 453 1299 519 τό

136 556 317 643 μειράκιον)
326 607 349 622 ..
362 561 447 622 Hanc
457 559 543 639 igitur
554 567 666 640 partem
677 581 693 622 o
703 562 919 624 commentariis
933 562 1123 624 omittendam
1136 581 1209 636 esse,
1220 570 1303 642 puto.

243 667 277 730 0.
300 665 381 729 XVI
407 666 585 729 Plutarchus
611 686 658 730 res
686 668 739 730 sub
770 675 909 747 praetura
932 669 1020 730 Arati
1047 677 1145 748 gestas
1176 670 1305 732 brevitor

137 771 319 854 perstringit,
344 782 388 845 et,
413 773 461 854 qui
479 775 589 835 lactum
611 774 662 848 sit,
685 775 843 836 utiterum
866 774 905 836 sit
924 781 1055 848 creatus,
1078 774 1207 855 exponit.
1252 775 1304 838 De

137 880 221 942 clade
240 898 309 940 vero
323 878 445 942 Boeotis
461 878 635 967 abAetolis
651 880 747 957 illata,
771 901 845 963 quae
859 879 907 942 hic
922 889 1175 957 commemoratur,
1198 883 1305 946 eodem

137 987 224 1048 modo
252 985 392 1068 Polybius
417 983 496 1061 XX,
528 983 563 1060 4,
595 985 616 1050 5
650 989 747 1050 refert.
793 986 853 1058 Qui
879 1006 943 1050 cum
971 988 1186 1050 commentariis
1212 988 1306 1052 Arati

137 1112 221 1155 usum
248 1111 280 1154 so
307 1111 371 1154 esse
398 1090 461 1172 ipse
487 1093 657 1172 profiteatur
684 1093 805 1177 (Polyb.
832 1091 878 1168 H,
906 1091 980 1168 40‚4
1007 1102 1036 1154 et
1062 1092 1107 1168 H,
1131 1092 1201 1180 56),
1228 1095 1305 1157 Plu-

136 1199 273 1261 tarchum
296 1198 419 1260 eundem
442 1197 548 1261 librum
566 1199 747 1274 adhibuisse,
771 1201 929 1280 putandum
948 1207 1002 1262 est.
1048 1197 1107 1261 Sed
1126 1202 1172 1263 his
1190 1201 1304 1268 verbis:
1403 1234 1407 1241 ·

137 1298 178 1370 od
193 1304 386 1380 Σικυωνίων,
405 1297 475 1368 οὐδ’
489 1307 615 1383 Αχαιῶν
636 1300 821 1391 κηδόμενος
840 1298 921 1370 ἄλλα
939 1300 1055 1392 κοινήν
1074 1311 1131 1394 τῆς
1148 1303 1305 1384 Ἑλλάδος

136 1411 308 1494 τυραννίδα
336 1407 396 1498 τήν
423 1405 628 1474 Μακεδόνων
656 1407 804 1494 φρουρὰν
827 1409 961 1476 ἐκεῖθεν
984 1408 1135 1490 ἐξελάσαι
1167 1410 1305 1480 διανοού

136 1537 258 1600 μενος.
273 1568 279 1581 .
294 1569 301 1582 .
317 1517 517 1591 ‚Plutarchus
533 1515 612 1579 velut
627 1517 683 1581 inc
704 1517 751 1581 IV
762 1513 957 1610 ὑποπτεύων
973 1512 1011 1582 δὲ
1025 1521 1095 1594 τοῖς
1110 1518 1303 1602 βασιλεῦσιν

137 1618 235 1690 αὐτόν
266 1624 498 1706 διαλέγεσθαι.
517 1670 541 1702 .,
575 1626 679 1705 quibus
706 1628 741 1687 de
778 1627 890 1704 causis,
923 1628 1051 1687 Aratum
1086 1627 1303 1706 expeditionem

137 1741 238 1794 contra
260 1731 434 1795 Corinthum
456 1730 575 1805 fecisse,
603 1730 665 1811 ipso
688 1732 847 1808 existimet,
875 1732 994 1812 exponit
1017 1733 1106 1794 etad
1134 1732 1303 1798 considera-

138 1838 233 1901 tiones
255 1837 372 1900 transit.
417 1835 509 1899 Dicta
535 1845 634 1899 autem
657 1838 812 1900 Phocionis
841 1836 905 1920 (cfr.
928 1836 1021 1922 XIX)
1050 1839 1166 1920 saepius
1192 1841 1305 1920 profert

139 1946 203 2025 (cfr.
232 1944 369 2006 Phocion.
413 1941 468 2024 V).
515 1942 647 2024 Philippi
683 1962 751 2006 vero
787 1944 857 2006 illud
889 1953 974 2007 acute
1005 1946 1113 2008 dictum
1150 1946 1238 2008 etiam
1273 1947 1303 2009 in

113 2058 114 2061 ’
136 2051 251 2114 Flamin
273 2071 338 2131 cap.
361 2049 394 2113 X
416 2049 581 2112 adhibitum
605 2059 660 2114 est.
688 2085 722 2095 -
750 2050 812 2113 Sed
835 2051 872 2112 ab
895 2052 942 2114 his
966 2052 1076 2119 verbis:
1097 2047 1140 2116 ‘H
1159 2049 1303 2117 δἈνιι-

136 2152 237 2241 γόνου
266 2151 396 2243 σπουδή
419 2154 544 2230 XVIII,
574 2157 589 2218 1
620 2156 796 2220 Plutarchus
825 2159 1070 2239 expugnationem
1099 2159 1234 2222 Corinthi
1264 2161 1302 2221 ab

137 2265 285 2344 Antigono
309 2266 420 2326 laetam
443 2268 573 2325 enarrat.
617 2261 687 2334 Qua
709 2264 737 2325 in
761 2283 792 2326 re
809 2273 838 2326 et
854 2265 985 2327 studium
1004 2265 1067 2345 ejus
1082 2266 1157 2328 mira
1175 2267 1303 2346 quadam

136 2370 344 2453 perspicuitate
367 2369 503 2433 movendi
526 2368 638 2431 animos
661 2378 776 2431 nostros
799 2371 947 2433 etodium
971 2371 1000 2432 in
1019 2370 1201 2452 Antigonum
1224 2372 1303 2435 dilu-

136 2477 282 2541 cidissirna
313 2485 480 2551 cernuntur,
523 2495 599 2556 quae
630 2475 820 2549 Plutarchus,
856 2477 943 2539 etiam
979 2496 1027 2551 ea,
1062 2499 1136 2560 qnae
1176 2480 1303 2542 maxime

136 2584 232 2648 verbis
255 2594 344 2646 aucta
366 2592 448 2657 sunt,
475 2583 504 2644 in
527 2583 612 2644 fidem
636 2582 755 2663 accepit.
801 2580 969 2645 Demetrius
989 2584 1066 2646 enim
1089 2587 1126 2648 ab
1150 2586 1301 2666 Antigono

137 2699 167 2753 et
189 2690 276 2753 Phile
298 2699 398 2766 natus,
421 2689 485 2771 qni,
514 2698 546 2752 ut
568 2689 663 2769 majus
684 2688 838 2751 discrimen
861 2689 900 2751 sit
922 2689 998 2751 inter
1021 2699 1148 2755 aetatem
1171 2693 1248 2756 illius
1275 2702 1304 2754 et

132 2799 272 2873 Nicaeae,
302 2792 470 2880 μειράκιον
502 2796 681 2877 appellatur,
718 2804 794 2858 certe
830 2815 938 2858 annum
973 2796 1152 2862 tricesimum
1183 2801 1300 2863 tertium

137 2905 251 2986 agebat.
282 2939 322 2951 -
346 2903 487 2982 Antigoni
514 2922 582 2965 voro
610 2921 722 2965 momm
750 2902 907 2982 descriptio
934 2904 1063 2966 maxime
1090 2906 1188 2967 verbis
1215 2917 1303 2969 aucta

136 3031 154 3072 a
169 3011 395 3085 commentariis,
411 3018 550 3090 qnantum
566 3028 615 3070 eos
631 3029 668 3071 ex
682 3009 731 3084 iis,
747 3029 821 3091 quae
835 3016 991 3089 supersunt
1005 3012 1083 3091 apud
1098 3011 1302 3087 Plutarchum,

137 3135 308 3197 cognoscere
337 3137 500 3198 possumus,
528 3115 616 3177 valde
643 3115 791 3179 abhorret.
835 3115 937 3197 Atque
964 3136 1001 3177 ea
1029 3117 1123 3198 imago
1148 3117 1302 3198 Antigoni,

138 3242 225 3304 quam
251 3222 336 3285 nobis
363 3245 379 3286 o
407 3222 525 3305 reliquis
552 3222 633 3299 locis,
660 3222 709 3303 qni
735 3222 831 3284 Arato
859 3230 926 3285 sunt
952 3224 1140 3288 adscribendi
1167 3226 1302 3304 fingimus

140 3331 204 3410 (cfr.
228 3328 291 3403 IV,
317 3329 379 3405 IX,
406 3328 470 3392 XV
471 3335 483 3410 l
506 3329 603 3391 aliena
625 3337 669 3391 est
692 3348 711 3389 a
732 3329 896 3390 deformata
918 3329 1060 3410 imagine,
1089 3352 1163 3413 quae
1192 3331 1221 3392 in
1249 3332 1304 3394 hoc

137 3435 231 3515 capite
259 3435 342 3498 nobis
370 3438 504 3502 occurrit.
551 3433 637 3506 Quae
664 3436 690 3497 ei
720 3435 905 3498 attribuenda
932 3445 993 3510 est,
1022 3437 1070 3518 qui
1098 3438 1127 3498 in
1151 3437 1304 3501 Cleomen.

27 3602 34 3611 ,
137 3562 153 3604 o
185 3541 266 3606 XVI
293 3550 322 3606 et
344 3544 431 3606 Arat.
455 3565 481 3608 c.
503 3542 679 3608 XXXVIII
703 3561 767 3605 cum
795 3543 824 3602 iu
852 3562 951 3606 omnes
973 3542 1153 3606 Macedones
1181 3553 1243 3606 tum
1273 3545 1302 3607 iu

141 3648 320 3730 Antigonum
343 3652 501 3713 Dosontem
524 3650 775 3714 vehementissime
797 3649 958 3725 invehitur,
980 3648 1160 3729 Phylarcho,
1184 3651 1244 3731 qui,
1269 3661 1302 3713 nt

137 3775 214 3818 nova
247 3765 277 3816 et
309 3755 440 3818 inaudita
473 3758 612 3836 proferat,
651 3777 737 3838 saepe
774 3776 874 3818 verum
914 3764 944 3817 et
976 3755 1133 3817 verisimile
1166 3758 1301 3821 excessit.

138 3861 210 3942 (Ch.
222 3860 382 3936 Sohubert3
400 3860 545 3938 ,Quellen
557 3863 712 3926 Plutarchs
728 3864 767 3927 im
780 3862 962 3934 Demetrius,
975 3862 1115 3943 Pyrrhus,
1130 3865 1277 3926 Eumenes
1284 3870 1301 3898 “

137 3969 277 4031 Fleckeis.
304 3969 410 4032 Jahrb.
439 3971 450 4030 l
486 3967 527 4030 lrl.
557 3969 624 4030 Phil
663 3970 711 4033 IX
734 3969 839 4052 Spplb.
866 3967 952 4032 1878
976 3989 1005 4049 p.
1037 3965 1115 4044 796,
1142 3969 1231 4050 800).
1256 4007 1299 4016 —

138 4074 270 4140 Similem
296 4084 394 4140 antem
422 4075 648 4154 enarrationem,
680 4097 753 4162 quae
786 4076 892 4140 mirum
923 4081 1065 4159 quantum
1097 4096 1164 4143 cum
1195 4085 1297 4142 nostra
