2856 4574
602 172 825 241 ..38-

226 371 297 435 ‘llas
318 370 425 454 quibus
436 370 524 434 Arati
543 379 573 434 et
586 370 750 439 Cleomenis
764 370 846 434 vitae
863 390 896 433 se
916 370 1083 452 contlngunt
1104 388 1192 452 porro
1214 378 1300 434 treo-

131 482 237 541 tantur
264 476 351 542 Aret.
379 497 435 558 cap
465 475 581 543 XLHI.
610 477 692 541 initio
707 487 749 542 ·et
774 478 885 542 Cleom.
914 497 969 559 csp
989 475 1063 541 XX.
1108 473 1145 540 In
1173 485 1300 560 utraque

126 592 212 665 perte
234 585 412 650 Plutarchus
439 585 568 648 erebus
591 584 744 665 descriptis
769 584 808 648 ad
831 603 878 647 res
897 583 1038 667 Antigoni
1061 583 1176 647 transit.
1215 582 1298 648 con-

127 691 205 761 teras
226 689 357 757 autem*

233 797 337 863 Glsom
353 796 428 865 XX.
451 797 510 865 τοῦ
532 792 769 881 rumosas
788 792 872 880 μετὰ
893 796 1020 885 πολλῆς
1042 790 1215 880 δυνάμεως
1237 791 1300 885 τήν

131 898 313 988 Γεράνειαν
335 901 599 990 ὑπερβάλλοντος
606 951 692 969 .....

235 1012 283 1075 le
313 1012 435 1076 scientia
466 1031 564 1076 rerum
595 1011 625 1074 in
660 1011 767 1077 castris
798 1010 996 1076 Macedonum
1027 1016 1177 1092 gestarum
1205 1020 1238 1074 es
1265 1031 1302 1076 ex

129 1115 293 1198 cognitione
329 1118 514 1184 consiliorum
542 1117 701 1198 Antigoni,
736 1137 810 1200 quae
838 1137 876 1182 nc
909 1120 1042 1182 melecta
1072 1117 1191 1200 quidem
1223 1126 1322 1196 sunt.

130 1230 242 1292 tonum
280 1224 489 1306 cognoscimus,
520 1222 570 1308 qui
602 1243 640 1286 ex
677 1224 786 1288 intimis
814 1224 955 1306 Antigoni
991 1224 1148 1289 relationes
1175 1202 1299 1308 accepit

130 1330 231 1412 Atque
257 1331 373 1395 Aretes
391 1331 456 1414 J‘am
478 1330 536 1394 illis
558 1330 740 1410 temporibus
766 1331 796 1394 in
826 1333 932 1395 castris
955 1331 1096 1412 Antigoni
1118 1339 1182 1395 erat
1204 1340 1237 1396 et
1261 1334 1300 1399 eb

129 1454 165 1499 eo
199 1437 240 1500 sd
271 1437 371 1502 omnia
400 1436 522 1502 consilia
548 1437 742 1501 adhibebatur
773 1440 825 1503 clr.
852 1438 939 1503 Aret.
970 1436 1086 1503 XLIII.
1119 1431 1161 1503 osi
1191 1435 1300 1522 μόνον

130 1539 273 1624 {incedo
303 1537 389 1610 ἄλλα
417 1541 472 1609 καί
493 1538 699 1609 Μακεδόνων
721 1543 785 1610 suiv
809 1539 870 1612 orio
892 1539 979 1631 αὐτῷ
1000 1540 1107 1610 πάντα
1127 1541 1301 1630 χρώμενος

130 1646 245 1737 ἑκείνρ
280 1649 338 1737 (τῷ
365 1646 504 1738 Ἀράτῳ)
533 1649 690 1733 διετέλει).
736 1648 823 1722 Quod
848 1652 879 1715 in
911 1652 1103 1735 descriptione
1129 1653 1303 1719 delectionis

131 1756 295 1837 Argorum,
322 1776 399 1840 quaa
427 1777 493 1822 cnm
522 1758 609 1822 rebus
631 1758 868 1823 antecedentibus
894 1758 1057 1823 arctissime
1084 1778 1221 1824 connexa
1248 1771 1302 1839 est,

131 1863 246 1928 Aratus
267 1864 331 1947 ipss
356 1863 386 1928 in
409 1864 503 1947 primo
526 1865 590 1929 loco
605 1866 764 1930 collocatur
786 1866 905 1948 eiusque
926 1886 1021 1930 rerum
1044 1866 1091 1929 vel
1114 1866 1300 1933 minimarum

132 1969 353 2052 diligentissime
369 1973 479 2036 mentio
493 1974 536 2049 lit,
555 1972 780 2036 commentarios
798 1973 907 2036 sontem
922 1992 1093 2055 cognoscere
1113 1975 1296 2061 possumut.†

132 2077 193 2142 (δίε.
215 2070 282 2167 ἤδη
306 2074 343 2146 δὲ
366 2074 451 2166 πρὸς
468 2075 612 2162 λσπέραν
626 2062 711 2165 ἧκον
726 2070 889 2165 ἐξἿργος
902 2078 995 2163 φίλοι
1009 2079 1187 2158 καλοῦντες
1202 2076 1290 2150 serto

132 2179 202 2265 (τον
217 2176 373 2270 Ἄρατον)
397 2185 500 2250 Cleom
521 2183 595 2251 XX.

241 2293 369 2357 Aratum
397 2295 507 2358 lontcm
534 2313 598 2357 esse
625 2293 714 2358 etiam
743 2312 780 2355 en
807 2312 842 2356 eo
870 2292 1063 2373 cognoscitur,
1097 2297 1175 2377 quod
1204 2304 1305 2363 auctor

133 2397 258 2461 ludibrio
286 2399 377 2464 habet
403 2419 513 2483 parvos
540 2410 675 2478 eventus,
702 2420 774 2483 quos
802 2399 972 2466 Cleomenes
996 2410 1098 2464 contra
1120 2403 1306 2486 Antigonum

134 2504 260 2586 sdeptus
281 2515 336 2571 est.
382 2507 443 2572 cfr.
459 2505 538 2584 XX,
560 2507 581 2572 2
603 2502 815 2595 ἐπιχειρήσας
838 2501 875 2570 δὲ
897 2502 1131 2591 παραδύεσθαι
1152 2505 1174 2574 d
1195 2506 1307 2577 Ἀντί·

134 2631 233 2692 γονος
255 2610 312 2679 διὰ
333 2612 393 2679 τοῦ
413 2614 564 2695 Λεχαίου
584 2607 701 2691 νυκτός
723 2609 858 2693 ἐξέπεσε
880 2613 936 2679 καί
960 2635 1050 2690 τινας
1072 2611 1218 2699 ἀπέβαλε
1240 2617 1307 2685 τοῖν

135 2715 351 2806 στρατιώτων,
375 2713 459 2786 ὥστε
481 2717 673 2786 παντάπασι
693 2722 864 2811 θαρρῆσαι
885 2716 943 2785 τόν
957 2719 1129 2809 Κλεομένη
1153 2719 1208 2788 καί
1228 2719 1309 2805 τούς

135 2827 211 2912 περὶ
232 2820 336 2894 αὐτόν
359 2824 566 2916 ἐπηρμένους
586 2828 713 2919 τῇνίκρ
735 2830 922 2915 τραπέσθαι
944 2823 1028 2912 προς
1049 2823 1086 2890 τό
1109 2828 1261 2898 δεῖπνον.

238 2933 275 2999 Ια
297 2934 394 3017 capite
415 2933 509 3011 XXI,
537 2937 615 3017 quod
637 2956 702 3000 cum
725 2936 762 3000 iis
784 2937 873 3000 rebus
881 2926 894 3012 ,’
917 2953 993 3016 quae
1017 2936 1211 3015 praecedunt,
1238 2959 1307 3006 ero-

136 3041 250 3107 tissime
272 3041 456 3124 conjunctum
479 3051 538 3119 est,
560 3042 741 3107 Plutarchus
762 3041 862 3106 multis
879 3040 978 3103 verbis
994 3040 1253 3126 copiosissimeque
1268 3046 1306 3110 de

133 3150 238 3226 rebus,
262 3168 336 3231 quas
358 3148 523 3213 Cleomenis
544 3149 636 3231 gessit
658 3151 688 3212 in
712 3150 818 3213 castris
841 3144 973 3211 Corinthi
996 3154 1028 3210 et
1049 3146 1212 3228 Argorum,
1234 3151 1300 3234 agit,

135 3258 166 3321 id
192 3256 273 3339 quod
300 3253 437 3319 indicium
463 3255 628 3342 Phylarchi
656 3255 773 3320 videtur
804 3274 880 3318 esse.
926 3252 984 3317 Sed
1017 3253 1155 3318 miremm
1186 3274 1299 3322 necesse

135 3372 196 3441 est,
219 3362 298 3445 quod
313 3362 515 3446 Phylarchus,
539 3362 589 3446 qui
611 3362 677 3426 aliis
691 3363 764 3426 locis
778 3359 1140 3426 incommodacleomenis
1155 3380 1300 3447 nunquam

135 3493 173 3538 ne
195 3471 310 3535 cladem
330 3468 450 3554 quidem
471 3471 551 3552 apud
567 3467 724 3535 Sellasiam
743 3477 893 3551 acceptam
915 3467 1049 3531 absolute
1071 3471 1217 3547 concedit,
1242 3467 1306 3533 boc

240 3695 351 3752 *Aret
368 3691 471 3750 xum
485 3686 545 3755 τοῦ
566 3681 596 3750 δ’
613 3677 805 3766 Ἀντιγόνου
826 3676 1017 3768 προςιόντος
1048 3675 1113 3773 ἤδη
1141 3681 1226 3767 μετὰ
1245 3689 1307 3775 τῆς

138 3799 310 3888 δυνάμεως
332 3835 375 3849 -
397 3779 501 3889 viperis}
525 3787 646 3874 πεζοδς
673 3793 865 3876 δισμυρίους
895 3786 1094 3868 Μακεδόνας
1120 3791 1238 3870 ἱππεῖς
1266 3787 1307 3858 δὲ

135 3910 262 3994 χιλίους
282 3904 337 3992 χαὶ
358 3904 573 3993 τριακοσίους.

240 4021 354 4093 †Arat
372 4017 467 4076 XLIV
492 4006 550 4075 Ἔν
580 4001 683 4074 codro
712 4004 939 4091 Ἀριστοτέλης
971 4002 991 4073 d
1018 3997 1173 4091 ’Ἀργεῖος
1204 4003 1306 4091 φίλος

8 4189 12 4197 ,
140 4107 187 4182 ὢν
207 4106 348 4201 Ἀράτου
370 4110 587 4194 διαπέμπεται
607 4093 717 4190 κρύφα
737 4102 822 4194 πρὸς
844 4097 953 4172 αὐτον.
