2856 4574
604 127 824 194 -24-

292 323 351 388 Dr:
374 325 583 389 CLEOMEN.
605 325 701 387 CAP.
722 323 771 386 IV
794 325 854 387 AD
876 322 974 387 XXX
996 324 1130 389 ARATI

495 430 586 494 CAP.
610 429 709 494 XXX
731 429 789 493 AD
812 429 930 494 XLVI.

238 642 397 704 Enarratio
417 643 486 706 belli
508 643 724 708 Cleomenicia
746 665 771 707 c.
793 642 860 706 IV*
883 644 1047 708 Cleomenis
1069 645 1181 707 initium
1206 646 1299 725 capit.

129 749 179 811 Es
200 748 299 812 colore
319 748 416 811 Arato
439 750 636 813 inimicissimo
661 751 809 814 Cleomeni
839 751 1016 814 amicissimo
1038 751 1201 833 Phylarcbi
1223 773 1299 814 auc

129 853 237 916 toritas
260 855 450 934 cognoscitur.
496 856 640 920 Summae
661 858 887 938 contemptionis
902 857 990 919 Arati
1013 857 1101 936 plena
1123 867 1170 920 est
1192 858 1299 920 relatio

128 958 192 1036 IV,
213 957 320 1026 tatt’
342 957 480 1048 ἀπῆλθε
496 957 531 1047 (o‘
542 957 697 1044 Ἄρατος)
712 958 967 1044 λοιδορούμενος
982 957 1048 1028 eiad
1064 966 1129 1026 cciv
1146 957 1299 1043 Ἀχαιῶν

128 1062 372 1149 χλευαζόμενος
388 1063 424 1132 δὲ
444 1067 498 1133 καὶ
517 1066 826 1153 καταφρονόνμενος
846 1064 912 1133 ὑπό
928 1089 996 1132 νων
1011 1069 1299 1151 Λακεδαιμονίων.

131 1173 300 1255 Descriptio
327 1176 544 1239 contentionum
569 1175 696 1257 Spartae
723 1175 976 1240 exardescentium
1003 1176 1041 1238 ad
1066 1185 1180 1255 partem
1203 1177 1298 1239 Cleo-

133 1279 225 1344 menis
246 1282 412 1344 revocanda
433 1291 488 1345 est.
512 1317 556 1328 —-
576 1280 665 1352 Quod
681 1282 857 1345 Plutarchus
880 1302 982 1344 nomen
1007 1282 1145 1344 Doricum
1163 1277 1301 1362 „Aurasi-

135 1391 264 1468 καπνῷ
291 1387 424 1464 adhibet,
450 1388 618 1470 Phylarcho
646 1389 696 1470 qui
723 1390 827 1451 eodem
854 1389 941 1450 modo
968 1409 990 1451 c.
1016 1386 1161 1451 XXVIII
1190 1407 1299 1452 nomen

137 1493 369 1580 ,Aeporthc“
392 1496 590 1570 conservavit,
615 1496 829 1558 attribuendum
854 1503 908 1559 est.
933 1531 976 1540 -

236 1600 272 1666 Iu
295 1602 361 1664 vita
380 1602 468 1665 Arati
482 1601 660 1665 Plutarchus
683 1622 746 1678 res,
768 1623 784 1664 e
806 1603 911 1684 quibus
933 1601 1040 1664 bellum
1064 1601 1157 1663 oritur
1178 1603 1298 1666 omnino

130 1707 248 1773 omittit.
296 1709 345 1771 Ac
376 1709 501 1790 primum
534 1709 650 1791 quidem
674 1709 916 1772 Aristomachum
949 1709 978 1770 iu
1011 1709 1112 1770 foedus
1146 1717 1297 1788 receptum

130 1818 168 1896 (c.
193 1811 265 1896 35),
293 1815 397 1879 deinde
424 1814 501 1878 illius
523 1823 703 1896 praeturam,
730 1835 819 1896 quam
845 1834 921 1877 anno
949 1824 1052 1895 postea
1074 1815 1213 1896 suscepit,
1241 1818 1297 1878 de-

131 1921 235 1986 scribit
257 1921 297 2005 (c.
319 1920 375 2002 36)
399 1922 613 2002 Argumentum
635 1922 784 2003 utriusque
814 1921 920 2000 capitis
943 1940 981 1982 eu
1004 1922 1223 1984 commentariis
1247 1923 1300 1985 dc-

130 2037 294 2112 promptum
316 2037 371 2090 est.
416 2028 488 2109 Cap.
511 2025 639 2092 XXXV
666 2029 846 2093 narrationes
873 2027 1119 2104 accuratissimus,
1153 2048 1228 2110 quae
1257 2031 1291 2092 de

130 2133 347 2207 condicionibus
381 2135 582 2198 Aristomachi
610 2146 701 2216 agunt
730 2134 924 2208 continentur,
952 2154 1026 2214 quas
1054 2144 1117 2197 tam
1144 2134 1295 2215 diligenter

128 2261 275 2324 exponere
289 2259 376 2304 nemo
391 2249 523 2322 poterat,
534 2243 590 2304 nisi
605 2243 721 2305 Aratus
736 2243 809 2321 ipse.
856 2240 967 2305 Odiosa
985 2241 1076 2303 verba
1091 2241 1119 2304 in
1134 2241 1298 2323 Lydiadem

129 2368 217 2412 versa
241 2346 394 2429 perspicue
416 2349 615 2414 demonstrant
641 2350 770 2411 Aratum
794 2349 889 2429 ipsum
912 2367 974 2410 rem
1002 2347 1178 2413 narravisse.
1225 2349 1298 2412 Ori-

129 2456 224 2537 giuem
258 2456 426 2536 exitumque
452 2455 600 2519 relationis
629 2455 811 2518 accuratiora
838 2454 889 2516 illa
915 2454 1021 2516 indicia
1048 2455 1083 2516 de
1106 2454 1204 2517 Arato
1233 2457 1297 2537 ipso

128 2563 221 2628 allata
243 2561 331 2644 plane
357 2564 521 2627 ostendunt.
567 2562 626 2626 cr.
653 2555 724 2626 ὁδ’
747 2555 780 2642 (o‘
796 2553 955 2644 Ἄρατος)
977 2555 1096 2644 ἔγραφε
1119 2555 1181 2642 μὲν
1209 2556 1299 2648 urirqi

129 2664 190 2756 τήν
216 2668 382 2751 στρατείαν
405 2661 628 2752 ἀπαγορεύων.
652 2704 695 2759 7-

241 2776 328 2838 Klatt
355 2775 372 2838 l.
395 2775 414 2839 l.
439 2794 467 2855 p.
490 2774 550 2850 42,
573 2795 638 2840 cum
661 2775 901 2848 commentarios,
924 2773 1066 2848 Aratum,
1093 2794 1130 2836 ne
1152 2772 1293 2855 proelium

133 2881 344 2955 committeret,
360 2868 523 2959 recusasse,
537 2881 654 2945 omnino
665 2900 720 2943 non
733 2881 853 2962 prodere
868 2881 1010 2961 potuisse,
1026 2887 1125 2961 putet,
1140 2881 1296 2945 secundam

132 2987 239 3069 capitis
259 2985 388 3052 XXXV
412 2999 527 3069 partem
551 2997 581 3052 et
600 2997 696 3051 totum
717 2985 862 3077 XXXVI
884 2996 972 3068 caput
993 3007 1049 3049 non
1079 2988 1296 3051 commentariis

130 3096 181 3158 sed
197 3093 359 3178 Phylarchi
382 3097 498 3176 scriptis
521 3095 706 3159 attribuenda
725 3113 802 3170 esse,
825 3094 904 3157 dicit.
951 3095 1011 3156 Sed
1026 3094 1114 3156 etiam
1131 3092 1200 3156 aliis
1215 3094 1294 3170 locis,

129 3201 178 3282 qui
202 3200 264 3264 sine
287 3200 346 3263 ulla
370 3201 553 3266 dubitatione
577 3203 616 3264 ad
640 3203 863 3265 commentarios
884 3202 1040 3263 revocandi
1062 3210 1142 3275 saint,
1165 3202 1291 3263 Aratum

128 3326 257 3389 pugnam
280 3326 445 3382 recusasse,
468 3315 616 3390 narratur3
641 3306 706 3392 (cir.
729 3308 805 3388 Agis
822 3305 887 3371 XV
910 3311 994 3371 Arat.
1017 3305 1140 3388 XXXI)
1164 3306 1290 3369 Aratum

130 3424 229 3478 auteur
253 3433 272 3476 a
296 3413 371 3477 bello
395 3415 522 3477 alienum
545 3415 649 3489 luisse,
679 3417 861 3479 manifestum
884 3424 943 3488 est,
972 3416 1002 3478 id
1025 3415 1102 3496 quod
1127 3434 1146 3474 a
1170 3412 1291 3495 Polybio

127 3520 174 3597 II,
209 3517 270 3594 6,4
303 3529 333 3582 et
360 3540 379 3583 a
412 3521 570 3585 Plutarcho
599 3523 697 3602 (Arat.
720 3520 816 3586 XXX
846 3532 876 3584 et
901 3521 1042 3602 XXXV)
1071 3521 1161 3584 semel
1202 3528 1293 3601 atque

127 3633 234 3692 iterum
264 3625 379 3691 dicitur.
425 3629 527 3709 Neque
553 3629 686 3691 dubitare
711 3649 880 3709 possumus,
912 3631 980 3711 quin
1002 3631 1040 3692 ad
1064 3631 1184 3692 tardam
1207 3628 1295 3691 Arati

127 3753 337 3764 ..—

236 3803 252 3839 *
274 3805 322 3858 Per
344 3817 457 3857 errorem
480 3818 498 3857 a
524 3803 696 3858 Precmannio
718 3803 736 3861 l.
758 3803 776 3862 1.
799 3818 824 3871 p.
844 3805 898 3861 440
919 3810 948 3858 et
969 3820 986 3858 a
1004 3804 1108 3860 Klattio
1130 3805 1148 3860 1.
1172 3806 1188 3860 l.
1212 3822 1239 3875 p.
1257 3810 1294 3866 45

131 3890 249 3948 ordinem
270 3906 356 3946 rerum
376 3898 525 3961 gesturum,
546 3907 624 3962 quem
638 3891 798 3949 Plutarchus
816 3892 844 3947 in
861 3892 913 3948 hnc
930 3893 1018 3960 capite
1035 3893 1202 3965 observavit,
1221 3913 1292 3950 eom-

128 3985 261 4036 mutamrn
279 3988 307 4036 st
323 3979 399 4035 Arati
417 3985 542 4036 conatum
556 3980 714 4037 Orchomcni
730 3983 877 4050 etTegeae
894 3982 1108 4050 occupandarum
1127 3994 1191 4038 ante
1210 3999 1288 4040 occu·

131 4068 265 4144 pibonem
284 4068 512 4144 munitionemque
529 4068 664 4127 Athenaei
681 4070 799 4142 positum
816 4083 890 4141 esse,
909 4069 1080 4130 manifestum
1098 4077 1150 4134 est.
