2856 4574
607 117 829 232 -m-ss-

133 362 186 424 sed
213 362 275 424 lieri
309 362 422 443 potuit,
454 369 487 424 ut
520 365 733 442 conjunctomm
767 365 999 426 adversariorum
1028 362 1118 444 copiis
1146 363 1302 443 permultis

134 468 267 530 maxima
294 468 469 530 detrimenta
490 479 616 549 caperet.
664 472 728 532 Huc
750 471 876 544 accedit,
899 471 974 551 quod
990 489 1036 531 res
1051 468 1161 549 primae
1176 468 1304 548 expedi·-

132 574 220 637 tionis
255 575 439 637 consentiunt
472 594 536 637 cum
566 578 653 640 rebus
686 577 818 651 alterius;
851 585 880 637 et
914 576 955 637 ibi
989 584 1019 636 et
1053 574 1100 636 hic
1127 575 1303 638 Cleomenes

134 689 264 762 apertam
288 690 396 744 terram
421 680 528 743 circum
544 682 641 761 Argos
658 683 746 744 sitam
769 683 961 762 depopulatus
984 682 1038 745 sub
1068 683 1182 744 moenia
1208 681 1304 761 proli-

134 787 260 861 ciscitur,
290 787 403 849 deridet
431 787 625 868 Antigonum,
653 788 801 851 incolumis
828 789 910 850 redit.
959 786 1046 857 Quod
1071 788 1217 869 Polybius,
1250 788 1305 867 qui

133 893 274 956 hocloco
298 894 361 974 jam
384 894 605 974 diligentissime
629 904 745 970 narrat,
769 896 805 956 de
824 895 880 957 hac
903 894 997 956 altere
1020 894 1203 975 expeditione
1226 894 1305 956 nihil

132 1002 220 1062 refert
237 997 265 1074 ,=*
287 1000 495 1079 conjiciendum
520 1012 579 1076 est,
603 1004 775 1082 praesertim
799 1022 864 1064 cunr
887 1002 994 1063 indicia
1017 1001 1092 1061 inter
1107 1020 1138 1062 se
1153 1000 1308 1064 simillima

137 1107 211 1180 sint,
243 1106 434 1169 Plutarchum
459 1108 533 1171 duos
555 1112 648 1172 iootes
666 1118 834 1191 sequentem
857 1111 929 1170 duas
959 1106 1140 1169 narrationes
1169 1108 1307 1189 ejusdem

136 1213 179 1275 rei
202 1213 368 1275 tradidisse.
393 1249 436 1259 —

236 1317 271 1382 In
295 1319 383 1401 capit.
407 1317 549 1396 XXVII,
581 1319 688 1384 1-14
716 1320 871 1400 descriptio
898 1318 1193 1399 contemplationibus
1227 1318 1308 1380 Plu-

131 1423 227 1488 tarchi
267 1425 478 1490 intermittitur.
524 1425 689 1508 Descriptio
724 1446 847 1507 sequens
882 1425 985 1487 iterum
1021 1426 1058 1486 ad
1092 1424 1308 1507 Phylarchum

132 1533 282 1595 referenda
307 1540 366 1607 est,
394 1534 443 1613 qui
468 1535 554 1597 etiam
578 1534 607 1596 in
631 1553 697 1614 cap.
726 1530 870 1596 XXVIII
899 1540 928 1593 et
950 1529 1047 1594 XXX
1076 1531 1183 1593 citatur
1211 1540 1242 1592 et
1278 1532 1310 1593 in

133 1636 275 1713 XXVII,
297 1635 332 1713 4,
354 1639 380 1701 si
403 1639 457 1702 hoc
478 1660 543 1703 cum
567 1643 727 1721 fragmento
751 1639 824 1702 LIV
841 1661 880 1698 :
897 1638 1001 1720 Polyb.
1025 1636 1070 1712 H,
1094 1635 1152 1711 63,
1176 1635 1196 1699 2
1223 1657 1309 1699 conr-

130 1746 311 1826 paravimus,
339 1747 402 1808 lons
430 1748 617 1827 cognoscitur.
664 1747 828 1810 Nonnullae
856 1755 953 1826 partes
986 1744 1090 1824 capitis
1115 1741 1245 1806 XXVIl
1276 1753 1309 1806 et

131 1852 237 1933 capitis
260 1849 358 1914 XXX
380 1853 490 1915 similes
512 1864 580 1915 sunt
602 1854 790 1934 descriptioni
813 1851 1003 1933 Polybianae,
1026 1869 1112 1930 quant
1135 1869 1196 1912 rem
1218 1851 1307 1912 Klatt

131 1958 151 2020 l.
175 1957 193 2021 l.
223 1978 254 2039 p.
280 1954 323 2020 25
347 1958 495 2021 declarare
519 1961 620 2021 studet
643 1961 757 2031 dicens,
788 1960 942 2039 scriptores
965 1956 1065 2017 iisdem
1089 1957 1216 2019 lontibus
1238 1977 1305 2019 usos

131 2084 205 2127 esse.
260 2064 327 2126 Sed
365 2085 430 2128 curn
465 2065 561 2129 verbis
595 2086 631 2128 ex
663 2064 785 2146 Polybio
820 2064 919 2126 allatis
954 2064 1069 2124 nomine
1106 2063 1167 2143 ejus
1204 2065 1301 2125 addito

131 2169 283 2258 (XXVII,
300 2168 343 2251 4),
360 2171 550 2234 Plutarchum
558 2173 713 2255 Polybium
724 2191 918 2251 comparasse,
931 2171 1098 2239 aifirnretur,
1115 2169 1304 2232 Plutarchum

134 2279 306 2341 relationem
331 2278 488 2361 Phylarchi
512 2279 744 2340 enarrationibus
770 2277 886 2360 Polybii
910 2276 1102 2356 complevisse
1126 2275 1198 2336 mihi
1227 2277 1308 2338 veri-

131 2386 256 2449 similius
300 2388 426 2449 videtur.
478 2385 579 2465 Atque
608 2385 800 2447 dubitandum
834 2392 879 2446 est
911 2403 979 2445 uum
1013 2383 1085 2443 fides
1121 2382 1305 2444 auctoritatis

133 2492 210 2579 ,τῆς
239 2486 353 2580 τύχης“
386 2512 460 2574 quae
489 2493 634 2553 invenitur
656 2491 759 2573 Polyb.
785 2489 830 2564 Π,
854 2488 897 2552 lo
921 2500 950 2550 ct
974 2488 1084 2550 Cleom.
1106 2486 1251 2565 XXVII,
1284 2485 1307 2549 4

129 2595 153 2686 ἦ
180 2594 260 2687 τύχη
290 2594 328 2664 cri
358 2598 493 2681 μέγιστα
519 2597 582 2660 τῶν
610 2591 802 2679 πραγμάτων
831 2593 931 2659 εἴωθε
959 2595 1080 2676 κρίνειν
1104 2618 1148 2654 =
1171 2596 1251 2659 Plut.
1284 2591 1308 2682 ἦ

128 2700 168 2770 τὰ
203 2708 338 2789 μέγιστα
373 2705 436 2768 τῶν
469 2700 665 2786 πραγμάτων
698 2704 855 2785 κρίνουσα
888 2685 1185 2786 taxat-eodem
1215 2703 1301 2764 modo

132 2834 149 2875 a
184 2814 306 2894 Polybio
335 2823 365 2873 et
386 2812 542 2874 Plutarcho
571 2830 607 2872 ex
634 2812 826 2891 descriptione
850 2809 1009 2892 Phylarchi
1036 2818 1159 2889 accepta
1188 2808 1241 2883 sit,
1269 2808 1300 2870 id

131 2920 208 2999 quod
225 2919 321 2980 Klatti
347 2926 441 2998 putat.
488 2919 573 2979 Fides
597 2915 675 3002 ,τῆς
697 2912 816 3004 τύχης“
843 2924 872 2977 et
893 2917 945 2977 fati
962 2915 1078 2997 Polybii
1102 2915 1221 2995 propria
1245 2923 1300 2976 est.

133 3024 196 3088 (lfr.
220 3023 252 3100 I,
276 3021 471 3098 sancxit,
494 3022 567 3098 23,4
590 3022 668 3098 XV,
693 3021 767 3098 20,4
788 3020 943 3097 XXXIII,
967 3018 1085 3106 25,13).

235 3216 302 3272 *Id
328 3215 400 3285 quod
429 3217 515 3269 Lucas
543 3215 560 3272 l.
585 3215 602 3273 l.
626 3230 652 3282 p.
675 3218 710 3270 26
733 3214 809 3283 dicit,
840 3214 980 3285 Polybium
1008 3213 1130 3268 consulto
1153 3213 1296 3281 gloriosam

131 3309 205 3362 illam
232 3305 429 3374 expeditionem
454 3305 565 3358 alteram
593 3304 707 3372 celasse,
730 3321 784 3359 non
807 3304 972 3372 probandum
1000 3309 1050 3360 est.
1091 3301 1297 3369 approbatione,

131 3412 186 3466 qus
208 3392 337 3465 Polybius
362 3391 473 3461 primam
501 3391 696 3461 expeditionem
727 3398 820 3446 narrat
842 3393 907 3447 illud
929 3392 1060 3462 judicium
1091 3390 1226 3445 refutatur
1252 3388 1298 3449 cir.

129 3484 208 3538 Klatt
226 3484 244 3542 l.
262 3483 279 3542 l.
298 3498 324 3550 p.
348 3485 391 3538 25.
427 3481 536 3535 Dictum
548 3480 700 3534 Archidami
717 3487 810 3535 nostro
827 3481 885 3537 loeo
903 3481 1051 3536 adhibitum
1071 3480 1207 3533 invenitur
1226 3495 1301 3548 prae·

130 3579 206 3626 terea
224 3572 251 3625 in
271 3571 365 3625 Crassi
382 3571 465 3638 capit.
483 3571 513 3624 H
530 3574 558 3623 et
576 3569 766 3624 Demosthenis
785 3585 842 3638 cap.
861 3572 954 3626 XVII.
992 3571 1048 3624 Hoc
1066 3569 1124 3623 loco
1137 3568 1302 3622 Plutarchus

131 3660 314 3730 Hegesippum
332 3656 398 3712 illud
420 3658 573 3726 loquentem
596 3657 667 3717 lacit.
703 3657 852 3717 Michaelis:
876 3661 931 3730 ,De
953 3659 1045 3714 ordine
1067 3657 1182 3710 vitarum
1206 3656 1302 3724 parall.

128 3749 215 3807 Plut.“
234 3764 260 3816 p.
282 3751 317 3805 29
335 3746 469 3802 concludit
489 3747 660 3801 Plutarchum
680 3748 764 3814 primo
778 3747 941 3802 Archidamo
960 3745 1056 3800 cernue
1069 3745 1223 3812 Hegesippo
1241 3750 1301 3799 tum

128 3838 228 3892 iterum
249 3835 410 3892 Archidamo
433 3835 479 3889 illa
503 3835 576 3889 dicta
594 3835 741 3890 attribuere
764 3851 817 3890 non
840 3838 976 3904 potuisse,
1000 3836 1091 3902 itaque
1109 3833 1301 3888 Demosthenis

130 3926 215 3980 vitam
235 3926 309 3994 prius
328 3924 408 3993 alias,
428 3923 561 3992 posterius
579 3924 694 3992 scriptas
712 3940 772 3979 esse
785 3926 829 3980 vel
841 3941 875 3980 ex
888 3925 1028 3981 contrario.
1066 3921 1119 3977 Sed
1132 3923 1198 3977 hoec
1215 3937 1301 3976 causa
1381 3926 1384 3931 '

131 4030 185 4069 nou
204 4013 296 4083 magni
314 4013 442 4068 momenti
460 4019 511 4072 est.
548 4013 608 4069 Non
625 4012 700 4082 origo
719 4013 768 4069 scd
785 4029 851 4068 usus
870 4014 972 4068 illorum
985 4010 1128 4067 verborum
1144 3998 1301 4081 Hegesippo

127 4100 293 4162 attribuitur.
