2856 4574
569 190 792 257 ..29-

95 397 181 472 parte
203 387 309 469 eapitis
331 386 505 462 ostenditur,
532 386 695 470 Phylarchi
719 386 875 467 descriptio
897 385 1073 467 intelligitur.
1095 422 1138 433 —
1162 387 1262 469 Atque

99 494 222 577 nuptias
237 493 433 556 Cratesicleae
455 501 485 555 et
498 491 669 573 Megistoui,
692 494 797 575 quihus
820 492 871 555 illa
892 512 955 555 cunt
979 493 1033 554 hoc
1053 494 1114 556 viro
1137 514 1168 555 se
1192 513 1262 556 con-

89 603 245 682 junxerat,
283 618 320 660 ex
354 599 487 679 opinione
512 599 673 682 Phylarchi
705 600 734 661 iu
763 600 860 680 capite
881 597 930 661 VI
953 607 1099 661 tractatas
1126 600 1261 664 vidimus.

94 708 194 779 Οσειο
229 707 269 768 ad
297 708 405 768 iontem
432 724 470 767 ea
498 725 623 787 quoque,
656 725 730 788 quae
756 708 792 768 de
818 706 1018 769 familiaritate
1044 706 1207 769 Cleomenis
1233 717 1263 768 et

93 814 271 895 Megiatoni,
297 811 347 875 illo
370 812 554 874 matrimonio
576 813 691 888 effecta,
713 814 860 886 dicuntur,
884 813 1033 874 referenda
1055 822 1131 877 suut.
1177 811 1263 875 Duos

96 920 176 983 locos
208 918 409 1000 ePhylarchi
436 917 576 982 relatione
602 921 787 995 demauasse,
813 938 851 980 en
876 919 1046 996 fragmentis
1072 921 1261 1000 cognoscitur.

99 1025 243 1089 conteras
264 1033 352 1106 caput
374 1022 454 1086 VHI
476 1045 520 1085 =
540 1028 637 1105 lrgmt.
662 1023 707 1087 44
729 1047 772 1086 =
795 1026 894 1088 Athen
916 1023 978 1100 VI,
1004 1022 1068 1088 102
1091 1047 1119 1108 p.
1142 1024 1205 1089 271
1227 1026 1261 1090 u.

301 1177 317 1208 „
375 1129 456 1195 ΧΠΙ
475 1152 517 1192 =
539 1135 635 1211 lrgmt.
659 1131 703 1196 43
727 1155 777 1194 ε.
792 1134 891 1196 Athen
914 1130 975 1209 lV,
1004 1132 1048 1196 20
1075 1153 1102 1214 p.
1126 1130 1187 1195 141
1209 1131 1262 1197 R*

101 1237 175 1319 (Cir.
192 1237 375 1302 Schoemann
399 1238 418 1302 l.
442 1238 462 1302 l.
486 1257 516 1318 p.
539 1235 617 1318 XII)

203 1345 327 1408 Partem
349 1355 448 1409 autem
468 1346 531 1427 jam
554 1353 715 1408 tractatam
743 1356 910 1427 spectantes
936 1347 1086 1410 nonnullas
1108 1348 1263 1410 affinitates

94 1450 178 1514 vitae
196 1451 356 1535 Lycurgi'
348 1452 518 1515 invenimus.
561 1452 662 1534 Atque
680 1452 792 1517 Cleom.
806 1451 840 1516 X
862 1454 951 1516 valde
966 1454 1092 1600 Lycurgi
1115 1456 1216 1534 capita
1231 1452 1263 1515 V

94 1568 127 1621 et
149 1555 231 1621 VHI
252 1557 498 1642 adaequat†-

204 1665 276 1749 Lyo.
294 1663 375 1728 VHI
379 1665 517 1792 Δεινης
538 1660 597 1749 γὰρ
621 1657 726 1752 οὔσης
748 1636 935 1748 ἀνωμαλίας
950 1688 1003 1731 και
992 1663 1186 1731 πολλών’
1165 1688 1262 1753 ακτη-

97 1765 210 1853 μόνων
238 1769 293 1836 καὶ
318 1767 455 1854 οἰπόρων
482 1768 751 1855 ε’πιφορονμένοον
777 1797 813 1862 τη
802 1770 951 1849 πόλει,
978 1773 1036 1838 τοῦ
1059 1768 1096 1837 δε
1118 1768 1263 1838 nsotrae

98 1874 309 1942 παντάπασιν
342 1878 389 1955 εἰς
422 1872 553 1961 ὀλίγους
580 1875 840 1966 συνερρυηκότος
866 1873 958 1963 ὕβριν
981 1877 1034 1943 καὶ
1055 1875 1190 1962 φθόνον
1210 1877 1265 1944 καὶ

94 1985 293 2068 κακουργίαν
316 1983 369 2049 καὶ
390 1981 517 2073 τρνφην
539 1984 595 2050 καί
607 1982 645 2050 cd
664 1970 848 2052 τούτοιν-ἧ
866 1981 992 2069 πρεσβύ
1006 1971 1263 2068 condocet—petto

93 2086 271 2178 consipere
293 2091 459 2168 πολιτείας
481 2092 627 2157 πλοῦτον
649 2093 703 2158 καὶ
724 2095 842 2160 πενίαν
862 2091 1053 2173 ἐξελαύνειν.

204 2216 274 2297 Lya
285 2214 317 2278 V
332 2211 376 2291 εἰς
391 2214 420 2280 δ’
436 2212 577 2301 δκαιριίς
595 2203 656 2305 ἧκε
670 2207 844 2302 τ’ριοίκοντα
857 2214 933 2294 τούς
948 2214 1097 2302 πρώτους
1112 2219 1263 2284 ἐκέλευσε

206 2353 222 2389 *
240 2354 378 2411 adnotatio
396 2354 431 2410 ad
449 2356 500 2426 frg.
518 2357 560 2412 43.

312 2443 460 2500 Brhohneri
479 2445 660 2515 conjecturam
678 2461 695 2499 a
713 2442 846 2501 hicinekio
863 2452 891 2500 et
911 2446 1023 2502 hulleto
1045 2453 1194 2516 acceptam,
1218 2442 1264 2516 qui

318 2526 354 2582 ad
366 2524 464 2580 Athen.
477 2528 530 2597 IV,
544 2530 580 2585 20
591 2541 618 2596 p.
632 2529 683 2584 141
696 2527 718 2581 F
731 2542 778 2595 pro
790 2516 1061 2609 πεντεκαιδεκάτῃ
1070 2519 1123 2584 καί
1138 2520 1269 2611 εἰκοστῇ

311 2620 366 2689 legi
377 2620 439 2674 vult
455 2613 585 2704 πέμπτη
603 2615 658 2680 καὶ
672 2614 804 2701 εἰκοστῇ
818 2631 873 2671 non
891 2618 1047 2684 acceperim.
1083 2620 1115 2672 In
1128 2616 1195 2671 libro
1206 2618 1262 2673 XV

312 2706 482 2779 Phylarchus
500 2712 723 2766 commutationes
743 2706 842 2776 Agidis
861 2705 948 2776 (irgm.
967 2709 1012 2777 33)
1035 2713 1213 2778 tractaverat,
1235 2712 1264 2765 in

309 2804 407 2873 quibus
420 2805 500 2860 etiam
515 2801 679 2880 συσσίτια,
696 2818 766 2875 quae
779 2806 924 2872 vocantur,
938 2801 1029 2871 magni
1047 2801 1174 2856 momenti
1186 2812 1265 2861 erant

225 2912 229 2919 ·
310 2897 387 2967 (Agis
399 2898 490 2964 VHI).
517 2899 550 2952 In
562 2896 815 2952 commutationibus
828 2895 976 2951 Cleomenis
994 2891 1134 2949 narrandis
1152 2897 1263 2951 candem

312 3001 366 3039 rem
382 2984 562 3057 Phylarchum
576 2991 720 3054 tractasse,
739 2983 899 3039 Plutarchus
911 2982 1010 3055 (Oieom
1024 2984 1104 3052 XII1)
1116 2983 1264 3042 confirmat.

311 3075 408 3142 Itaque
422 3073 591 3129 Athenaeum
612 3073 681 3130 ditos
699 3074 770 3130 looos
789 3070 934 3143 Phylarchi
952 3072 979 3126 in
998 3088 1080 3127 unum
1099 3074 1265 3128 contraxisse

313 3177 401 3231 neque
413 3178 457 3231 ea,
476 3179 545 3232 qnae
558 3163 659 3219 tradita
671 3170 747 3231 sunt,
766 3160 923 3217 eommmari
933 3175 1002 3228 opus
1014 3176 1087 3229 essa,
1100 3162 1264 3222 crediderim.

206 3257 315 3327 ,tege
324 3259 364 3315 V.
399 3252 461 3319 Kal
482 3249 562 3336 ταχιί
583 3255 641 3342 τη”ς
664 3248 819 3335 εὐπορίας
842 3249 886 3328 εἰς
913 3245 1041 3332 ὀλίγους
1073 3249 1266 3339 συρρυείσης

99 3359 199 3424 πενία
213 3383 274 3447 την
290 3357 389 3426 πόλιν
405 3361 540 3442 κοτεσγε
554 3363 617 3427 τών
632 3360 739 3426 καλῶν
751 3382 803 3425 και
793 3355 1078 3442 ιίνελευδερίαν’
1063 3379 1265 3442 επιφερουσα

98 3485 181 3548 μετα
203 3461 342 3549 φθόνου
365 3465 418 3533 καὶ
440 3469 634 3592 δυσμενείας
656 3462 738 3550 πρὸς
759 3462 835 3542 τούς
856 3461 1038 3545 ἔχοντας..

206 3579 305 3640 cleon.
325 3583 365 3650 X,
384 3585 402 3639 5
425 3573 454 3640 εἰ
471 3596 533 3656 μεν
549 3555 608 3640 otio
624 3570 763 3640 δυνατὸν
782 3595 825 3661 ην
841 3592 921 3636 ανευ
937 3572 1066 3694 σμαγης
1082 3567 1265 3652 απαλλάξαι

98 3677 156 3756 τοίς
189 3676 404 3758 ἐπεισάκτους
436 3686 540 3770 κη’ρας
571 3685 629 3769 τῆς
656 3680 908 3760 Λακεδαίμονος
938 3673 1061 3762 τρυφάς
1088 3677 1141 3743 καὶ
1162 3679 1263 3744 πολυ-

98 3785 226 3864 τελείας
248 3786 301 3853 καί
323 3788 402 3870 γρέα
425 3785 478 3852 καὶ
492 3781 690 3868 δανεισμοδς
707 3781 811 3850 καὶ
772 3808 812 3850 τα
828 3781 1031 3869 πρεσβύτερα
1045 3781 1166 3851 τούτων
1182 3782 1265 3851 κακοὶ

100 3895 219 3959 πενίαν
242 3891 295 3959 καὶ
319 3895 473 3960 πλοῦτον.
1121 3878 1157 3885 —

100 3985 279 4067 *lusa
307 3997 345 4065 δὲ
371 4003 429 4090 τῆς
456 3996 602 4087 α’νάγκης
628 3993 715 4079 ἔχειν
742 3994 953 4083 συγγνώμονα
979 3996 1035 4064 τδν
1058 3999 1264 4084 Λυκοῦργον,

100 4103 140 4182 δς
164 4098 241 4172 οὔτε
256 4102 408 4191 βασιλεῦς
431 4102 477 4174 oio
494 4100 569 4174 οὔτε
583 4100 706 4194 ἄρχων,
730 4102 858 4193 ἰδιώτης
881 4105 1057 4206 πραη-λ-θεν
1081 4106 1126 4183 εἰς
1142 4103 1263 4188 α’γοροίν
