2856 4574
603 166 824 285 ’,43-

233 414 321 486 Quod
350 415 500 478 nuntiatur
522 414 703 494 Antigonum
725 416 963 478 Lacedaemoniis
993 416 1070 495 leges
1098 423 1185 497 atque
1208 414 1294 477 iusti-

128 524 260 586 tutiones
283 522 441 584 reddidisse
464 519 586 606 (Cleom.
610 521 721 597 XXX,
747 521 764 584 1
789 523 885 605 Polyb
908 520 953 596 II,
978 517 1103 605 IO,1),
1132 520 1294 604 Phylarchi

127 628 319 708 descriptioni
341 629 457 690 omnino
481 648 536 689 non
560 636 661 708 aptum
684 639 742 706 est;
772 629 882 692 inillis
909 636 1045 709 putatur,
1075 626 1216 708 Spartam
1239 627 1294 689 sub

128 737 284 800 Cleomene
308 733 387 812 leges
410 735 661 816 institutionesque
684 735 801 797 omnino
826 755 881 796 non
905 734 1044 796 habuisse
1068 733 1167 813 itaque
1186 740 1291 815 tyran-

129 843 226 904 nidem
256 839 359 914 luisse,
400 861 485 922 quam
510 841 671 922 opinionem
695 841 894 923 Phylarchum
926 839 1041 902 omnino
1070 857 1127 902 non
1150 838 1296 914 habuisse,

127 947 282 1030 Polybium
328 954 427 1008 autem
462 946 551 1008 semel
584 957 671 1029 atque
706 949 809 1010 itemm
844 948 1072 1020 demonstrasse,
1108 953 1207 1008 notum
1241 953 1294 1008 est.

129 1057 190 1118 Clr.
215 1052 262 1126 H,
286 1050 327 1113 47
336 1050 367 1125 ,3
390 1050 453 1128 IV,
478 1049 553 1126 16‚5
576 1051 637 1129 IX,
667 1054 719 1117 22.
766 1053 879 1125 Quibus
903 1073 940 1115 ex
962 1052 1072 1127 causis,
1101 1049 1294 1115 Plutarchum

131 1162 198 1223 illas
221 1169 322 1240 partes
347 1159 547 1239 descriptionis
570 1161 730 1243 Phylarchi
753 1160 866 1222 iudiciis
881 1159 997 1242 Polybii
1017 1157 1221 1240 complevisse,
1241 1177 1294 1220 nos

129 1288 217 1350 posse
241 1266 388 1327 declarare
410 1275 555 1346 putamus.

233 1373 395 1436 Cleomenis
424 1373 522 1453 capita
551 1370 664 1436 XXXI
694 1374 732 1435 ad
757 1371 903 1436 XXXIX
935 1393 990 1434 non
1020 1378 1140 1434 narrant
1167 1370 1223 1434 nisi
1250 1391 1295 1447 ea,

129 1499 205 1561 quae
230 1500 248 1540 a
269 1478 406 1541 Cleomen
430 1479 458 1541 in
482 1479 617 1560 Aegypto
640 1487 724 1560 geste
741 1489 824 1543 sunt.
871 1478 1038 1559 Descriptio
1061 1478 1186 1558 simplex
1210 1486 1241 1540 et
1262 1487 1295 1540 ut

129 1589 256 1660 Heeren,
280 1585 391 1660 Lucht,
416 1584 602 1647 Sclroemaun
615 1587 678 1667 jam
695 1588 967 1649 demonstraveruut
981 1587 1009 1647 in
1023 1605 1081 1649 uno
1097 1584 1189 1659 sonte,
1211 1583 1296 1666 Phy-

128 1693 241 1768 larcho,
276 1692 374 1773 posita
397 1701 449 1752 est.
496 1690 581 1753 Duas
609 1701 708 1773 partes
732 1691 856 1778 (Cleom.
886 1690 1043 1768 XXXIV,
1071 1690 1112 1755 13
1138 1709 1230 1773 usque
1258 1690 1296 1752 ad

128 1801 214 1861 tinem
240 1805 269 1859 et
291 1795 448 1871 XXXIX,
474 1795 514 1860 13
538 1818 626 1879 usque
650 1795 805 1883 adfinem)
822 1799 995 1862 Plutarchus
1012 1798 1090 1861 haud
1113 1796 1171 1860 scio
1187 1815 1224 1859 an
1240 1814 1295 1859 sua

128 1915 231 1985 sponte
250 1904 407 1967 addiderit.
445 1905 515 1984 Cap.
530 1903 683 1980 XXXIV,
708 1903 748 1968 13
769 1902 840 1969 aar
859 1898 969 1986 ὥσπερ
985 1883 1156 1968 αὸνςΑπνν
1179 1902 1293 1982 cogita-

130 2014 237 2075 tionem
255 2019 345 2071 antea
360 2010 464 2072 dictam
476 2030 561 2091 porro
578 2020 695 2086 tractat,
710 2012 777 2093 quin
794 2032 885 2074 novas
901 2031 947 2073 res
963 2011 1075 2073 afferat.
1106 2010 1294 2072 Plutarchum

129 2139 180 2191 ea,
209 2137 284 2197 quae
308 2117 392 2177 affert
420 2135 458 2177 ex
480 2118 599 2181 Homeri
626 2118 734 2182 Iliades
757 2119 806 2182 lib.
830 2117 861 2192 I,
885 2116 964 2192 491,
994 2116 1133 2178 memoria
1156 2114 1295 2191 tenuisse,

129 2224 313 2286 manifestum
342 2231 400 2296 est,
424 2243 499 2302 quae
523 2225 612 2286 verba
634 2225 662 2286 in
678 2225 784 2307 Pyrrhi
808 2245 872 2306 cap.
896 2222 975 2286 XIH
998 2223 1101 2286 iterum
1118 2222 1197 2284 dicta
1215 2230 1292 2284 sunt.

130 2330 235 2410 Capite
245 2326 405 2403 XXXIX,
422 2348 479 2408 qua
490 2330 601 2391 ratione
618 2332 777 2410 prodigium
795 2342 884 2393 antea
900 2351 936 2393 ex
947 2329 1111 2411 Phylarcho
1127 2326 1294 2390 narratum*

130 2437 335 2500 declarandum
360 2437 410 2510 sit,
429 2437 600 2499 ostenditur.
647 2437 820 2500 Plutarchus
843 2438 919 2500 enim
942 2459 973 2501 se
990 2437 1068 2498 tales
1087 2435 1295 2498 declarationes

128 2543 225 2623 magni
254 2541 426 2603 aestimasse
450 2543 479 2604 in
504 2543 623 2605 Periclis
646 2564 709 2623 cap.
734 2543 781 2607 VI
804 2544 881 2607 dicit.

237 2649 285 2709 Ex
308 2648 394 2709 rebus
421 2668 439 2709 a
465 2647 581 2711 Justino
613 2651 728 2713 traditis
761 2652 834 2713 duae
866 2659 965 2731 partes
993 2649 1178 2730 comparandi
1206 2666 1295 2711 causa

128 2754 291 2849 affeyendae
318 2763 394 2816 sunt.

235 2861 342 2923 lustin.
366 2859 523 2937 XXVIII,
547 2861 582 2938 4,
607 2861 647 2947 I†
674 2852 899 2944 ,Ingressusque
922 2862 950 2925 iu
974 2861 1075 2923 urbem
1099 2860 1294 2943 (Cleomenes)

129 2989 184 3030 non
211 2967 292 3029 humi
315 2947 540 3043 consedit,'non
564 2971 659 3032 cibum
688 2978 717 3030 et
741 2979 841 3050 potum
863 2969 998 3050 poposcit
1020 2988 1075 3030 non
1100 2968 1223 3050 denique
1245 2986 1295 3030 ar-

130 3093 243 3135 morum
275 3094 346 3135 onus
376 3075 524 3154 deposuit,
551 3077 603 3137 sed
631 3078 750 3139 adclinis
777 3075 896 3156 parieti,
927 3075 1025 3156 [quum
1055 3083 1193 3156 quattuor
1214 3074 1294 3137 milia

132 3180 196 3242 sola
220 3198 256 3240 ex
279 3198 377 3258 pugna
400 3182 574 3261 superfuisse
598 3184 825 3264 conspexisset],
852 3182 987 3244 hortatur
1010 3190 1042 3244 ut
1064 3201 1095 3243 se
1118 3182 1155 3243 ad
1179 3181 1297 3243 meliora

236 3371 251 3406 *
271 3372 337 3439 Res,
359 3386 429 3440 quae
448 3373 498 3427 hoo
516 3374 573 3429 loco
591 3375 625 3429 de
643 3384 780 3444 serpente,
799 3390 868 3443 quae
887 3372 980 3443 faciem
994 3331 1142 3428 (ileomenis
1159 3371 1231 3426 cruci
1248 3369 1296 3426 lixi

130 3461 232 3515 texisse
251 3459 360 3529 dieitur,
384 3466 415 3514 ut
433 3476 490 3516 earn
510 3463 544 3518 ab
571 3463 667 3519 avibus
690 3464 831 3533 rapacibus
849 3461 1016 3530 detenderet,
1039 3460 1144 3529 propria
1166 3466 1209 3516 est
1226 3460 1298 3532 Phy-

132 3548 214 3602 larchi
232 3547 279 3605 cfr.
300 3547 432 3603 Schubert
451 3549 468 3602 l.
487 3551 504 3604 l.
523 3567 549 3619 p.
568 3557 620 3612 805
639 3553 746 3612 Miiller:
770 3552 944 3620 Fragmenta:
968 3548 1020 3618 lrg.
1039 3551 1085 3618 25,
1109 3552 1156 3619 26,
1181 3552 1228 3620 27,
1252 3553 1295 3620 31,

132 3639 178 3704 34,
198 3640 247 3705 36,
265 3639 313 3705 49,
333 3639 375 3692 74.

236 3731 346 3800 †Plut.
369 3737 467 3798 Cleom.
490 3740 598 3809 XXIX,
622 3745 639 3797 2
664 3732 858 3819 Κλεομένης
875 3723 1298 3816 οὔτεπνεῖνέκδεδιψηκώς

131 3821 310 3903 νῖπέμεννεν
336 3820 411 3894 οὔτε
434 3835 574 3898 andinus
597 3828 774 3918 κεκμηκώς,
797 3823 866 3893 ἀλλ’
886 3819 996 3909 ὥσπερ
1020 3821 1171 3910 ἐτύγχανε
1193 3827 1297 3888 τεθω-

134 3928 334 4014 ρακισμένος
356 3936 419 4001 τῶν
442 3934 562 4004 κιόνων
588 3937 650 4003 τινὶ
671 3935 731 4026 τήν
752 3939 848 4019 χεῖρα
870 3928 1060 4017 προςβαλών
1080 3930 1220 4016 πλαγίαν
1245 3929 1299 3996 καὶ

129 4037 167 4106 τό
191 4029 375 4129 πρόσωπον
397 4041 452 4111 ἐπὶ
472 4041 530 4111 adn
553 4046 664 4134 πῆχυν
683 4041 811 4119 ἐπιθεὶς
833 4040 885 4106 καὶ
898 4035 1020 4122 χρόνον
1037 4034 1077 4104 ori
1092 4033 1198 4104 παλύν
1213 4031 1296 4104 οὕτω

131 4138 358 4224 διαναπαύσας
380 4145 416 4212 vd
441 4152 573 4235 σῶμα..
587 4201 594 4216 .
607 4201 614 4216 .
625 4144 758 4238 ὥρμησε
770 4198 777 4214 .
791 4197 797 4214 .
811 4197 818 4213 .
830 4147 875 4222 εἰς
896 4143 934 4211 eo*
958 4141 1096 4213 Γύθιον.
