2856 4574
626 162 846 228 ..20-

158 360 247 425 Peter
273 361 292 424 l.
316 360 335 424 l.
357 359 450 424 Grote
472 361 491 423 l.
515 361 547 440 l.)
583 360 646 424 Sub
672 363 758 423 finam
787 371 885 424 autem
909 361 1015 442 capitis
1038 361 1086 424 VI
1113 371 1142 424 et
1170 362 1199 423 in
1223 362 1320 442 capite

157 466 207 531 IX
228 487 246 530 a
268 467 368 542 laude,
391 487 466 548 quac
490 466 575 529 matri
599 475 629 529 et
652 467 740 529 aviae
762 467 865 548 Agidis
888 479 1007 548 propter
1028 468 1151 531 virtutes
1174 469 1320 543 tribuitur,

154 573 317 657 Phylarchi
338 575 466 636 narratio
488 575 676 654 cognoscitur.
724 575 796 652 (cfr.
813 574 919 656 Pyrrh.
938 572 979 636 27
1003 577 1077 654 Agis
1098 574 1167 655 IV).
1213 576 1319 654 Neque

155 681 249 743 minus
271 680 301 742 in
317 699 343 741 c.
358 677 433 753 VH,
450 678 481 754 4,
502 681 551 742 ubi
573 683 678 744 itemru
702 681 817 744 luxuria
839 689 991 761 satrapum
1013 682 1194 762 simplicitati
1215 682 1319 761 Agidis

157 786 326 868 opponitur,
350 787 528 849 Plutarchus
542 787 700 870 Phylarchi
723 787 929 849 auctoritatem
950 797 1066 851 secutus
1092 798 1146 852 cst.
1187 789 1221 852 0.
1237 786 1319 850 VIII

158 912 274 958 summa
296 893 571 959 commutationum:
596 894 657 974 agn‘
680 894 858 970 distributio,
881 913 940 975 qua
954 895 981 956 in
999 915 1029 956 re
1046 896 1216 977 Spartiatae
1230 892 1320 958 4500

157 1000 287 1063 Perioeci
299 996 414 1063 15000
423 1010 515 1062 sortes
525 1000 721 1080 accipiebant,
736 1001 853 1064 tabulae
863 1021 971 1075 novae,
988 1003 1169 1065 Mothacium
1181 1002 1211 1064 iu
1224 1002 1318 1082 Spar-

153 1107 246 1184 tiates
269 1107 408 1188 receptio,
431 1106 536 1169 divisio
552 1126 651 1169 eorum
672 1108 701 1169 in
717 1108 853 1188 phiditia,
876 1128 950 1189 quac
967 1115 1122 1183 vocantur,
1146 1110 1317 1174 continetur.

155 1212 257 1287 Quam
280 1213 451 1276 divisionem
476 1213 661 1296 Phylarchus
685 1214 772 1276 valde
793 1215 962 1295 comprobat
984 1224 1014 1277 et
1036 1215 1064 1277 in
1088 1218 1140 1295 trg.
1164 1215 1208 1279 43
1231 1237 1318 1279 accu-

153 1319 248 1384 ratius
270 1327 390 1383 tractat.
436 1317 484 1381 De
507 1320 696 1382 Mothacibus
720 1328 819 1383 autem
842 1323 870 1382 in
897 1322 949 1402 frg.
972 1319 1017 1383 44
1045 1323 1119 1402 agit,
1147 1324 1222 1404 quod
1250 1344 1317 1387 curn

154 1434 254 1489 nostro
275 1424 339 1487 loco
369 1426 525 1489 consentit.
571 1426 605 1489 C.
633 1425 693 1502 IX,
722 1447 779 1507 quo
807 1429 910 1490 iterum
940 1429 1127 1508 Agesistrata
1151 1438 1183 1492 et
1204 1429 1317 1492 Archi-

154 1532 254 1595 demia
281 1530 437 1595 laudantur
463 1542 494 1594 et
519 1533 624 1612 Agidis
652 1554 747 1597 rerum
776 1535 956 1615 publicarum
987 1535 1176 1598 commutatio
1204 1537 1319 1600 nonnisi

151 1639 294 1702 restitutio
309 1639 505 1702 institutorum
517 1641 644 1721 Lycurgi
658 1641 846 1719 significatur,
862 1643 900 1704 ad
915 1642 1111 1722 Phylarchum
1123 1645 1318 1706 revocandum

152 1755 206 1810 ast.
255 1745 388 1828 (cat,
413 1745 441 1809 1.
485 1744 521 1821 5,
546 1746 576 1811 2.
616 1746 650 1822 9,
673 1746 704 1810 3.
745 1747 800 1823 10,
824 1747 867 1828 2.)
914 1749 978 1810 Hoc
999 1756 1097 1811 autem
1122 1757 1209 1829 caput
1231 1769 1319 1829 repe-

151 1855 237 1917 titum
259 1873 323 1916 esse
346 1873 362 1914 c
385 1852 460 1915 libro
482 1852 546 1918 XV
562 1854 746 1919 historiarum
768 1855 929 1937 Phylarchi
952 1874 1093 1918 consensu
1124 1875 1190 1917 cum
1212 1858 1317 1937 fragm.

153 1959 197 2024 33
220 1960 425 2023 :Parthen
449 1960 569 2023 Erotica
593 1956 635 2021 15
663 1962 877 2041 comprobatur.
923 1959 959 2022 In
982 1959 1043 2035 XI,
1073 1960 1093 2023 2
1121 1971 1152 2022 et
1178 1958 1200 2023 4
1222 1963 1318 2025 insec-

153 2067 280 2129 tationes
308 2065 458 2129 Leonidae
487 2076 517 2128 et
544 2067 573 2128 iu
595 2064 689 2141 XIII,
720 2064 737 2127 1
767 2067 926 2131 vehemens
955 2068 1156 2130 condemnatio
1179 2067 1312 2147 Agesilai

153 2158 357 2257 Phylarchum
376 2180 523 2235 auctorem
545 2173 683 2236 indicant.
728 2171 863 2254 Denique
879 2173 1076 2255 Phylarchum
1098 2194 1144 2236 res
1160 2175 1315 2238 tradidisse

154 2281 259 2362 capitis
282 2277 358 2355 XII,
386 2279 438 2342 nbi
458 2287 608 2354 narratur,
635 2281 680 2355 vi,
704 2283 826 2361 quanti
850 2281 924 2359 Agis
946 2289 1066 2343 coactus
1088 2287 1145 2355 est,
1173 2283 1318 2345 neminem

153 2388 335 2450 interfectum
358 2405 437 2461 esse,
465 2387 516 2448 sed
539 2385 680 2468 Agidem,
712 2406 777 2449 curn
806 2405 989 2469 percussores
1014 2386 1146 2464 Agesilai
1170 2388 1320 2451 Leonidae

153 2494 213 2556 vim
237 2493 341 2556 interce
373 2503 560 2568 conarentur,
592 2513 656 2556 eum
689 2501 816 2557 tutatum
848 2512 913 2554 esse
944 2502 973 2554 et
1004 2511 1207 2568 conservasse,
1238 2497 1318 2559 ueri-

151 2600 246 2664 simile
268 2609 323 2663 est.
345 2636 390 2646 —

185 2712 188 2716 ⁴
260 2709 394 2791 Droysen
418 2705 467 2770 HI
489 2728 518 2789 p.
542 2705 608 2772 429
631 2727 726 2770 rerum
747 2714 893 2786 gestarum
917 2705 1115 2768 narrationem
1140 2708 1216 2788 apud
1240 2707 1313 2769 Plu-

152 2814 289 2880 tarchum
311 2834 369 2878 uon
390 2815 531 2896 integram
554 2835 619 2877 esse
635 2824 716 2877 ratus
731 2822 798 2876 ante
814 2788 903 2893 caput
917 2810 997 2875 XIV
1013 2812 1201 2877 incursionem
1217 2814 1314 2876 Aeto-
1386 2799 1390 2806 ⁸

153 2923 245 2985 lorum
277 2923 316 2984 ab
342 2920 492 3002 Antigono
522 2921 659 2985 Gonnata
689 2922 848 2982 excitatam
881 2929 913 2983 et
943 2919 1088 3000 adjutam,
1119 2940 1178 3002 qua
1205 2919 1316 3001 Sparta

153 3041 288 3110 maguum
322 3028 525 3092 detrimentum
554 3029 665 3109 cepisse
696 3027 812 3102 dicitur,
843 3027 972 3089 inseruit.
1021 3025 1081 3090 Sed
1108 3026 1176 3102 loci,
1210 3027 1316 3108 quibus

84 3180 86 3184 -
152 3137 254 3200 enixus
277 3136 411 3217 Droyseu
434 3134 478 3196 ita
496 3133 639 3213 judicavit
662 3133 770 3217 (Polyb
792 3132 837 3208 H,
859 3130 903 3196 45
925 3132 986 3209 IV,
1010 3131 1052 3196 34
1078 3132 1140 3208 IX,
1163 3132 1208 3196 34
1234 3135 1315 3198 Plut.

153 3242 264 3305 Oleum.
290 3241 344 3322 18)
367 3261 425 3304 non
449 3241 569 3303 eandem
593 3241 645 3302 sed
675 3242 750 3303 duas
779 3242 955 3304 incursiones
979 3241 1151 3303 Aetolorum
1178 3248 1314 3304 tractant.

153 3347 249 3430 Polyb
276 3347 322 3423 II,
343 3345 421 3422 45,1
455 3345 518 3422 ΙΧ,
542 3344 620 3422 34,6
651 3345 698 3421 Π,
721 3346 800 3422 43,9
834 3347 888 3409 loci
919 3349 1076 3429 separandi
1103 3357 1174 3410 sunt
1201 3348 1241 3409 ab
1267 3346 1313 3407 hi's

154 3453 216 3530 IV,
239 3452 318 3529 343
338 3453 400 3531 IX,
422 3452 500 3529 348
517 3454 628 3516 Oleum.
645 3452 700 3530 18,
723 3455 761 3516 ad
783 3473 854 3534 quos
875 3453 907 3514 hi
922 3454 976 3516 loci
991 3455 1102 3517 Cleom.
1117 3452 1151 3517 X
1164 3453 1250 3516 Arat.
1264 3450 1314 3514 IV

155 3561 315 3624 adhibendi
340 3570 418 3624 sunt.
464 3563 497 3623 ld
520 3580 584 3624 esse
606 3579 724 3623 neccsse
747 3581 762 3622 e
784 3557 845 3635 IX,
868 3558 947 3637 34,6
968 3580 1033 3642 sqq.
1053 3561 1229 3640 intelligitur.
1276 3559 1316 3621 lis

155 3668 232 3731 anim
259 3667 344 3742 locis,
372 3686 445 3747 quoa
473 3669 560 3730 ruodo
588 3668 722 3740 laudavi,
750 3667 875 3729 incursio
898 3666 1069 3730 Aetolomm
1093 3664 1215 3728 Timaeo
1244 3667 1318 3729 duce

155 3784 185 3837 et
208 3774 373 3838 Charixeno
396 3781 559 3847 tractatur,
583 3793 657 3854 quae
680 3794 700 3836 a
723 3775 839 3837 Lusoue
862 3774 1010 3837 Arcadiae
1033 3774 1071 3834 ad
1095 3773 1207 3852 Argos,
1228 3775 1329 3836 Man-⁴

151 3881 274 3956 tineam,
291 3879 442 3962 Spartam,
455 3881 620 3943 Taenarum
633 3881 859 3962 promontorium
872 3880 1043 3960 pertinebat.
1076 3880 1232 3961 Droyseuii
1246 3899 1318 3943 vero

153 3988 299 4049 sententia
321 3985 502 4068 Antigonum
525 3985 693 4049 Gonnatam
716 3987 741 4049 ei
767 3987 930 4049 interfuisse
957 3984 1059 4067 Polyb.
1078 3982 1139 4060 IV,
1162 3983 1240 4061 34,9
1268 4005 1318 4049 re-

152 4104 272 4181 pugnat.
316 4095 394 4159 Nam
419 4095 448 4157 in
477 4114 510 4157 eo
538 4094 598 4158 loco
626 4094 770 4168 oratione,
798 4092 986 4175 aSpartano
1013 4101 1111 4156 aetate
1133 4093 1317 4176 provectiore
