2856 4574
611 195 833 263 -19-

167 423 170 429 ·
240 390 276 455 In
307 392 413 473 capitis
445 390 495 456 ΙΠ
521 411 609 458 versu
642 393 684 458 26
714 394 890 458 Plutarchus
925 394 992 476 jam
1026 395 1065 458 ad
1094 395 1299 480 Phylarchum
1387 408 1392 415 ’

134 499 264 563 transire
287 499 401 562 videtur
420 502 459 562 ab
475 501 532 563 illis
546 502 659 564 verbis:
676 493 803 584 ’Ἀρεως
819 496 856 565 δὲ
870 496 1073 577 πεσόντος..
1097 499 1182 572 Quas
1197 509 1299 585 partes

133 606 258 686 scriptor
280 614 399 668 secutus
422 607 475 682 sit,
499 615 529 669 et
552 627 568 668 e
587 608 711 688 judicio,
735 609 811 689 quod
829 609 867 670 de
880 609 1012 671 Leonida
1031 611 1188 689 protertur,
1209 619 1240 694 et
1261 629 1299 673 ex

133 712 239 792 insigni
263 711 362 786 laude,
390 731 449 792 qua
473 714 546 794 Agis
573 714 735 788 extollitur,
763 733 934 795 cognoscere
956 733 1121 795 possumus.
1166 717 1207 779 Et
1226 716 1300 780 illud

135 837 251 900 quoqne
269 818 470 900 Phylarchum
494 820 653 898 significat,
679 821 755 900 quod
784 821 987 901 Agesiatrata,
1016 822 1083 884 avia
1103 821 1211 902 Agidis
1233 822 1299 885 lau-

137 926 236 1000 datur,
263 944 349 1006 quam
374 925 437 1005 jam
466 924 495 986 in
524 927 631 1008 Pyrrh.
659 947 682 988 c.
707 924 836 989 XXVH
858 927 1047 1010 Phylarchus
1073 947 1188 990 summa
1214 928 1301 992 laude

138 1031 334 1094 decoraverat.
381 1030 517 1107 Accedit,
536 1033 612 1114 quod
631 1033 725 1113 turpis
741 1033 868 1108 luxuria,
891 1053 980 1116 quam
998 1034 1147 1096 Leonidas
1166 1035 1206 1096 ab
1227 1035 1303 1098 aulis

139 1145 292 1218 satrapum
316 1139 481 1212 invexerat,
509 1137 648 1200 laudabili
670 1139 883 1221 temperantiae
909 1148 939 1201 et
960 1140 1111 1202 severitati
1131 1160 1166 1203 ac
1188 1139 1303 1221 simpli-

136 1244 233 1318 citati,
272 1244 301 1305 in
335 1263 392 1324 qua
419 1245 494 1323 Agis
521 1264 587 1319 rex,
614 1264 792 1327 quamquam
817 1245 954 1308 maximis
981 1245 1091 1308 divitiis
1118 1247 1301 1324 abundabat

136 1350 325 1424 versabatur,
348 1350 385 1411 de
406 1349 550 1413 industria
567 1351 731 1431 opponitur.
777 1351 873 1415 Simili
895 1352 981 1414 modo
1000 1352 1184 1435 Phylarchus
1205 1354 1300 1417 vitani

132 1456 206 1520 Arei
233 1463 264 1518 et
285 1456 422 1520 Acrotati
448 1456 644 1520 imitationem
676 1454 845 1536 ,ἐξουσίας
868 1450 1042 1544 αὐλικῆς“,
1067 1477 1141 1538 quae
1169 1469 1301 1536 vocatur,

133 1563 273 1625 describit
300 1562 412 1646 (lrgmt.
441 1559 513 1647 43),
548 1582 604 1645 quo
632 1564 726 1644 magis
753 1564 918 1628 Cleomenis
944 1583 1056 1626 morum
1082 1565 1300 1646 simplicitatem

135 1670 260 1731 extollat
283 1669 359 1754 (Cir.
379 1672 438 1748 Ag.
459 1667 478 1730 l
487 1716 495 1744 ,
516 1667 545 1731 2.
569 1668 625 1744 10,
651 1668 671 1732 2
691 1670 800 1732 Cleom.
823 1667 878 1746 16,
900 1668 935 1754 3)
959 1691 993 1733 ac
1010 1670 1114 1733 iterum
1134 1682 1164 1732 et
1183 1672 1301 1753 saepius

136 1776 282 1855 luxuriae,
314 1796 388 1857 quae
422 1776 451 1838 iu
477 1776 551 1839 aulis
573 1776 694 1838 aliorum
721 1776 882 1858 principum
909 1777 1127 1851 inveniebatur,
1154 1777 1297 1842 rationem

135 1882 229 1945 habet
253 1885 316 1961 (cir.
338 1886 389 1963 irg.
409 1881 443 1958 2,
466 1881 502 1957 3,
528 1880 563 1958 7,
589 1881 646 1958 10,
672 1881 726 1958 19,
749 1881 805 1959 22,
827 1881 872 1946 40
894 1902 927 1958 a,
950 1879 1007 1958 41,
1029 1879 1087 1956 45,
1111 1882 1177 1966 62.)
1200 1919 1245 1934 -

237 1989 341 2070 Capite
359 1987 391 2050 V
410 1986 585 2052 Plutarchus
605 2009 724 2062 causas,
748 1989 785 2051 ob
804 2009 878 2071 quas
896 1989 972 2070 Agis
992 2009 1038 2052 res
1055 2000 1300 2069 commutaverat,

131 2104 293 2160 enumerat.
339 2097 386 2159 Ac
417 2095 543 2176 primum
579 2096 740 2176 potentiam
779 2096 993 2176 Spartanorum
1025 2096 1195 2160 diminutam
1226 2116 1300 2174 esse,

133 2205 212 2286 quod
235 2222 338 2266 numm
358 2210 388 2264 et
405 2211 557 2283 argentum
576 2203 743 2265 introducta
766 2211 878 2276 essent,
902 2212 931 2264 et
949 2202 1061 2283 potins,
1083 2194 1160 2284 duod
1180 2203 1241 2285 lege
1259 2206 1296 2269 ab

131 2311 275 2392 Epitadeo
290 2310 353 2372 lata
375 2309 425 2371 illa
443 2308 569 2390 Lycurgi
586 2308 635 2370 lex
653 2298 858 2389 successionis,
878 2327 935 2393 qua
952 2309 1161 2389 prohiberetur,
1181 2330 1218 2373 na
1236 2312 1298 2393 agri
1412 2293 1414 2297 ’

134 2417 163 2478 in
190 2435 345 2497 pancorum
374 2416 571 2496 possessiones
593 2415 739 2488 venirent,
768 2415 885 2477 sublata
916 2423 1007 2491 esset,
1041 2418 1137 2481 relect.
1184 2417 1244 2481 Sed
1270 2418 1297 2482 si

135 2514 324 2586 Aristotelem
347 2523 464 2604 (Politic
486 2542 511 2585 c.
534 2519 568 2584 Π
591 2542 614 2584 c.
639 2520 659 2585 6
685 2519 731 2603 (9)
747 2520 766 2602 ἓ
785 2518 839 2598 10)
856 2523 1016 2602 sequimur,
1038 2522 1087 2584 lex
1101 2523 1155 2586 illa
1170 2525 1298 2607 Lycurgi
1326 2513 1328 2519 ¹

132 2649 193 2710 qua
215 2630 403 2694 successionis
426 2631 498 2691 crdo
520 2629 577 2702 ita,
601 2637 633 2690 ut
655 2627 829 2690 Plutarchus
851 2628 933 2702 dicit,
960 2628 1205 2706 constituebatur,
1231 2650 1297 2695 onr-¹

128 2739 197 2800 uino
224 2739 287 2800 lata
313 2755 378 2797 esse
404 2754 459 2797 non
487 2743 593 2815 potest.
639 2735 714 2798 Cum
741 2734 829 2812 igitur
855 2735 1048 2809 condiciones,
1074 2755 1091 2798 c
1118 2735 1221 2817 quibus
1248 2737 1296 2800 lex

128 2844 265 2926 Epitadei
287 2842 355 2905 oriri
378 2849 509 2922 poterat,
531 2861 679 2922 nunquam
700 2841 821 2915 fuerint,
843 2860 908 2903 cum
932 2849 1093 2920 praeterea,
1121 2860 1196 2922 quae
1218 2842 1295 2907 Plu-

128 2951 250 3013 tarchus
278 2950 328 3011 illa
355 2949 418 3027 lege
446 2948 582 3028 Epitadei
610 2948 713 3010 effecta
739 2963 804 3008 esse
830 2947 1002 3024 arbitratur,
1034 2968 1148 3030 semper
1179 2949 1294 3026 fuerint,

132 3057 203 3138 (Cir.
218 3057 321 3122 Peter:
345 3055 405 3118 Rh.
421 3053 557 3118 Museum
575 3052 659 3117 1867
683 3073 712 3134 p.
732 3050 785 3115 04.
832 3050 924 3115 Grcte
943 3054 963 3119 l.
988 3055 1006 3117 Ι.
1030 3075 1059 3136 p.
1080 3052 1157 3135 338)
1178 3057 1295 3120 omniuo

132 3183 196 3226 eam
218 3163 312 3242 legem
336 3163 428 3225 latam
451 3181 532 3235 esse,
555 3160 749 3223 dubitandum
772 3167 827 3223 est.
851 3193 896 3205 -

236 3270 271 3334 Ο.
294 3266 469 3332 VI-XIV
489 3278 587 3350 partes
615 3285 731 3342 eurum,
759 3267 808 3348 qui
835 3286 931 3329 rerum
954 3268 1174 3330 evertendarum
1201 3267 1297 3350 cupidi

129 3385 228 3452 erant,
251 3385 417 3457 sequuntur.
464 3378 503 3438 Et
525 3375 554 3437 in
578 3373 687 3436 eximia
711 3373 798 3436 laude
817 3380 1060 3437 commutaturum
1079 3393 1176 3437 rerum
1195 3374 1294 3455 publi-

129 3503 243 3559 carum,
265 3484 295 3544 in
319 3483 557 3545 condemnatione
580 3480 815 3543 adversariorum
837 3479 997 3563 Phylarchi
1020 3479 1173 3561 descriptio
1196 3481 1301 3555 cerui,¹

131 3596 177 3652 tur
200 3591 272 3665 (Cir.
288 3593 373 3652 Arat.
389 3587 446 3674 38)
472 3590 581 3650 Amare
604 3588 641 3650 de
665 3587 714 3662 iis,
738 3589 786 3669 qui
809 3587 878 3649 huic
899 3606 995 3648 rerum
1018 3587 1239 3650 commutationi
1261 3606 1293 3649 ae

131 3699 318 3778 opponebant
353 3696 471 3758 dicitur:
510 3693 622 3770 „Velut
650 3693 727 3755 servi
760 3694 789 3756 in
821 3697 891 3773 iuga
924 3691 1137 3773 comprehensi,
1169 3694 1218 3777 qni
1253 3694 1293 3756 ad

130 3805 296 3887 Lycurgum
327 3805 546 3876 reducerentur,
572 3792 765 3880 trepidabant
791 3811 822 3862 et
847 3799 1027 3882 pavebant“.
1071 3797 1138 3862 Iam
1165 3817 1202 3861 ea
1224 3818 1294 3862 con-

132 3911 272 3986 firmatio,
305 3931 400 3973 rernm
432 3909 615 3989 publicarum
648 3906 730 3968 illam
757 3908 1012 3969 commutationem
1040 3925 1095 3968 uon
1123 3906 1178 3970 nisi
1204 3907 1294 3969 resti-

131 4018 272 4079 tutionem
300 4036 364 4079 esse
391 4036 503 4090 eorum,
532 4033 608 4096 quae
636 4033 655 4074 a
684 4013 818 4095 Lycurgo
841 4015 1000 4077 constituta
1027 4021 1137 4088 essent,
1165 4014 1204 4075 ad
1233 4032 1293 4087 eos,

132 4126 182 4204 qui
205 4125 284 4186 circa
304 4123 431 4204 Agidem
459 4133 488 4184 et
511 4123 695 4185 Cleomenem
724 4129 807 4183 erant
829 4129 981 4184 revocetur
1008 4139 1128 4182 necesse
1150 4127 1201 4178 est
1218 4118 1321 4198 (011.Ι

1105 4233 1145 4290 ‘tl‘
