2856 4574
609 192 829 256 „23-

133 387 193 453 Sed
217 389 298 452 haud
325 388 384 451 scio
406 408 444 450 an
468 389 497 450 id
521 408 558 451 ex
583 409 616 451 eo
643 391 724 452 tonte
746 388 902 468 repetitum
924 387 977 460 sit,
1006 387 1054 468 qui
1077 388 1114 450 de
1136 387 1297 452 eruditione
1396 402 1402 415 ¹

130 495 220 559 Arati
261 494 378 556 dicebat
423 495 539 576 aliaque
577 516 593 557 o
632 495 742 559 scholis
780 493 1018 575 philosophorum
1056 494 1296 558 communicabat.

130 603 190 666 Clr.
218 601 329 666 Cleom.
357 600 410 668 30.
456 601 543 664 Arat.
572 623 596 667 c.
629 602 660 667 3.
688 602 742 670 29.
793 600 846 664 23.
892 600 1009 664 Dictum
1041 600 1111 664 illud
1139 600 1296 677 Leonidae,

133 709 211 791 quod
246 717 401 788 praeterea
434 709 548 770 dnobus
582 709 653 773 locis
694 710 850 789 profertur,
883 707 1056 770 Plutarchus
1089 706 1169 770 velut
1198 714 1295 790 totam

131 815 354 896 paragraphum
378 814 495 876 tertiam
518 815 581 896 ipse
603 816 718 878 videtur
740 814 895 877 addidisse.
944 813 1001 876 His
1024 822 1124 877 autem
1145 813 1218 876 locis
1240 815 1297 899 §2

138 929 169 982 et
191 920 212 985 3
235 919 351 983 omissis
373 919 435 995 HI,
464 919 480 982 1
506 921 593 983 facile
615 923 665 997 iis,
692 942 767 1004 quae
788 921 978 995 antecedunt,
1006 920 1181 1003 adjungitur.
1226 919 1297 985 Jam

133 1045 202 1091 vero
224 1046 287 1090 cnm
310 1045 361 1101 ea,
391 1047 465 1109 quae
498 1027 536 1089 de
558 1028 686 1091 moribus
708 1027 874 1090 labentibus
896 1027 1030 1090 dicuntur
1050 1027 1087 1090 iis
1110 1026 1298 1110 temporibus,

134 1151 222 1215 quum
247 1133 416 1196 Cleomenes
438 1151 557 1214 regnum
585 1134 726 1215 suscepit,
755 1153 820 1197 oum
848 1133 900 1209 iis,
929 1153 1004 1215 quae
1032 1134 1061 1196 in
1089 1133 1191 1214 primis
1213 1134 1296 1216 capi-

132 1239 210 1303 tibus
242 1238 324 1302 vitae
351 1240 459 1320 Agidis
485 1249 655 1316 narrantur,
688 1240 884 1315 consentiant,
916 1240 989 1304 haec
1015 1260 1128 1323 quoquo
1160 1260 1229 1322 pars
1256 1243 1295 1305 ad

130 1345 332 1429 Phylarchnm
349 1346 478 1409 revocari
496 1355 593 1426 potest
613 1348 662 1409 oh.
682 1345 744 1420 III,
761 1344 778 1408 1
796 1349 856 1427 Ag.
876 1347 922 1423 V,
940 1345 962 1409 4
979 1355 1010 1411 et
1022 1346 1099 1424 VII,
1114 1348 1144 1412 3.
1190 1348 1295 1430 Neque

131 1453 374 1515 commemoratio
406 1449 572 1538 „u'ymyrig“
602 1474 678 1535 quae
705 1461 844 1533 vocatur,
876 1473 952 1536 quae
979 1453 1149 1537 Phylarcho
1174 1454 1296 1519 maximi

128 1559 270 1622 momenti
279 1559 396 1622 videtur
405 1559 494 1622 luisse
505 1561 543 1622 ad
555 1559 709 1640 imperinm
715 1560 844 1641 Spartae
856 1560 1082 1623 conservandum
1095 1561 1222 1642 (cirAg.
1231 1561 1294 1646 IV)

131 1667 169 1729 ab
192 1685 227 1726 eo
250 1666 402 1730 abhorret.
449 1665 508 1728 Sed
531 1686 550 1728 a
572 1685 659 1728 versu
682 1685 756 1729 nono
779 1667 955 1730 Plutarchus
978 1667 1017 1729 ad
1040 1666 1164 1730 altemm
1184 1671 1301 1753 iontem,
1394 1698 1409 1727 ι

128 1774 243 1840 transit.
289 1773 438 1837 Narratur
461 1780 561 1836 autem
584 1773 763 1836 necessitudo
786 1759 951 1836 Cleomenis
974 1792 1039 1837 cnm
1054 1772 1188 1849 Xenare,
1217 1795 1293 1857 quae

129 1900 194 1943 cnm
217 1896 274 1943 non
298 1879 328 1942 in
351 1899 474 1961 regnum
497 1881 548 1942 sed
574 1878 602 1941 in
625 1879 779 1960 pueritiam
800 1879 964 1943 Cleomenis
986 1882 1075 1943 cadat
1097 1881 1160 1962 (clr.
1180 1879 1294 1945 Schoe-

128 2006 227 2050 mann:
258 1985 451 2050 Grieohische
480 1985 683 2049 Altcrthirmer
710 1985 726 2048 I
753 2005 783 2066 p.
808 1983 888 2071 270)
916 1986 964 2049 hic
990 1986 1085 2051 locum
1113 2008 1170 2052 non
1196 1989 1294 2060 habet.

127 2091 215 2164 Quod
247 2112 318 2156 vero
339 2091 477 2157 Xenares
504 2092 721 2155 narrationibus
748 2094 810 2156 suis
831 2092 982 2157 Cleomeni
1008 2093 1136 2158 studium
1164 2114 1294 2158 commu-

125 2201 274 2263 tationum
298 2199 403 2281 Agidis
426 2199 559 2280 injecisse
582 2198 706 2274 dicitur,
732 2199 846 2261 nonnisi
868 2199 991 2263 variatio
1013 2209 1059 2263 ast
1081 2219 1193 2277 eornm,
1216 2221 1293 2284 qnae

127 2305 262 2382 incl,
290 2305 311 2368 2
338 2306 450 2369 tradita
472 2315 550 2368 sunt.
594 2304 640 2366 Ibi
667 2303 743 2367 enim
766 2305 893 2369 studium
917 2306 1080 2371 Cleomenis
1109 2307 1293 2373 consiliorum

130 2412 236 2493 Agidis
264 2414 303 2476 ad
326 2412 532 2476 auctoritatem
557 2411 704 2490 Agiatidis
726 2421 891 2477 revocatur.
914 2447 960 2462 —-

236 2517 340 2584 Sada
369 2538 455 2582 versu
482 2516 620 2580 vicesimo
647 2518 733 2581 tertio
761 2515 914 2599 οἰόμενος
941 2513 1012 2586 ‹r’do
1039 2515 1076 2584 ἐν
1103 2518 1291 2606 πολέμῳ..

128 2626 305 2690 Plutarchus
333 2627 371 2689 ad
388 2625 551 2708 Phylarchi
573 2625 769 2712 narrationem
793 2626 869 2688 redit
891 2636 920 2689 et
941 2627 1030 2690 breve
1053 2627 1203 2690 exordium
1224 2627 1293 2691 belli

128 2733 310 2796 Cleomenici
344 2733 477 2815 praebet.
524 2729 594 2801 Qua
624 2730 655 2794 in
688 2733 856 2795 narratione
879 2733 1054 2796 Plutarchus
1080 2731 1291 2814 Spartanorum

127 2839 210 2903 etin
239 2839 444 2904 controversiis
471 2838 600 2920 partium
628 2839 828 2901 describendis
853 2839 1018 2931 Cleomenis
1045 2840 1141 2903 studio
1169 2840 1291 2907 ducitur.
1398 2843 1401 2852 '

128 2947 255 3028 Culpam
279 2947 356 3009 enim
388 2946 456 3008 belli
485 2945 606 3008 excitati
628 2945 658 3006 in
680 2944 809 3007 Aratum
836 2945 929 3008 solum
958 2948 1112 3010 confertur.
1159 2946 1221 3012 Sed
1244 2966 1292 3010 res

128 3051 211 3132 ipsae
246 3058 277 3113 et
308 3052 426 3135 Polybii
466 3059 554 3132 atquo
585 3052 672 3114 Arati
703 3051 868 3114 testimonia
903 3041 1080 3115 contrariam
1116 3053 1291 3117 seutentiam

129 3158 307 3223 desiderant.
333 3201 336 3206 -

129 3333 226 3402 sophie
238 3333 286 3387 der
299 3332 445 3400 Griechcn“
457 3335 512 3401 III,
533 3337 548 3390 1
561 3347 589 3402 p.
601 3323 636 3390 35
649 3345 689 3400 sq.
726 3329 780 3386 Sed
798 3347 852 3387 non
869 3336 923 3401 est,
942 3330 1014 3401 quod
1027 3330 1186 3402 Sphaernm,
1206 3333 1293 3390 Ptole·

128 3437 205 3477 macc
215 3427 324 3477 anctore
334 3421 458 3490 Spartam
469 3421 584 3491 venisse,
594 3425 626 3475 nt
635 3420 802 3476 Cleomenem
812 3419 870 3489 regi
879 3421 1043 3490 conciliaret,
1058 3419 1205 3476 credamus.
1241 3421 1291 3477 Cui

133 3499 284 3564 sententiae
302 3513 438 3579 repugnat
456 3509 483 3564 id
496 3509 567 3579 quod
580 3508 666 3580 Polyb
678 3509 718 3577 H,
738 3511 784 3577 51,
804 3511 821 3564 2
834 3505 926 3564 refert.
945 3513 974 3563 et
984 3508 1056 3578 quod
1068 3507 1215 3576 Sphaerum
1227 3513 1292 3564 ante

133 3613 245 3668 regnum
268 3597 419 3654 Cleomenis
439 3597 553 3667 Spartae
570 3596 701 3667 adfuisse,
720 3596 771 3652 hoo
788 3595 846 3652 loco
863 3602 956 3652 nostro
973 3597 1166 3668 comprobatur.
1185 3629 1219 3640 -
