2856 4574
617 190 836 255 ..14-

147 387 244 461 Quam
263 386 380 451 adrem
400 389 456 450 duo
475 389 571 450 tontes
588 387 712 451 adhibiti
729 395 810 465 suut;
838 388 868 451 id
885 388 962 470 quod
982 386 1049 451 iude
1069 396 1207 470 apparet,
1230 390 1307 471 quod

146 494 325 558 Plutarchus
347 495 559 557 enarrationem
575 494 664 557 Arati
690 495 787 570 alteri,
810 495 891 575 cujus
915 502 1065 557 auctorem
1088 515 1144 558 non
1167 496 1308 570 nominat,

145 603 264 682 opponit
290 601 340 664 cir.
356 598 497 678 XXXII,
522 600 563 664 10
578 594 720 685 Ἄρατος
740 595 837 666 οὐδὲν
852 597 1002 666 τοιοίτον
1018 597 1056 666 ἕν’
1068 602 1139 677 τοῖς
1154 596 1305 690 ὑπομνή-

81 790 83 794 ,
142 725 223 790 μασι
245 705 364 794 εἴρηκε.

250 812 335 884 Quae
367 834 436 878 vero
469 834 485 877 e
520 815 735 878 commentariis
769 814 895 896 repetita
932 821 1014 890 suut,
1050 814 1117 876 inde
1154 815 1307 896 incipiunt:

148 916 356 1006 τρεψάμενος
378 916 453 996 τούς
476 915 672 997 disolutis..
713 923 793 984 Haec
815 929 911 983 autem
935 921 1026 983 verba
1048 941 1113 983 cum
1136 921 1208 996 illis,
1232 942 1307 1002 quae

146 1047 169 1090 ο,
182 1025 305 1103 XXXI,
328 1024 370 1089 15
392 1027 591 1091 inveniuntur:
609 1021 680 1092 ridl'l'
695 1021 797 1103 edcta
814 1020 947 1113 ὥρμησε
961 1023 1041 1108 μετὰ
1057 1049 1120 1090 των
1135 1024 1306 1111 παρόντων

145 1130 198 1197 ἐπὶ
216 1128 292 1208 τούς
310 1133 489 1216 πολεμίους
506 1130 542 1198 ἒν
559 1134 604 1219 τῷ
626 1135 755 1218 κρατεῖν
771 1129 1034 1209 ἀσθενεστάτους
1053 1131 1085 1198 dl
1104 1131 1236 1213 α’τοξίον
1255 1133 1309 1199 καὶ

145 1232 237 1324 ὕβριν
261 1232 369 1316 ὄντας,
392 1241 556 1304 arctissime
579 1241 746 1316 cohaerent,
768 1248 801 1304 ut
824 1240 958 1304 dubitare
981 1260 1036 1303 non
1056 1242 1214 1322 possimus,
1239 1243 1307 1324 quin

147 1347 236 1410 Arati
259 1347 488 1423 enarrationem,
515 1367 591 1429 quae
618 1347 658 1410 ihi
681 1366 794 1430 quoque
821 1348 905 1410 lucile
927 1349 1122 1427 cognoscitur,
1151 1349 1307 1429 excipiant.

145 1455 212 1517 Jarn
235 1474 304 1517 vero
324 1452 410 1517 Arati
433 1455 597 1528 excusatio,
622 1455 699 1535 quod
722 1455 864 1535 proelium
887 1454 1068 1546 committere
1087 1463 1241 1518 cunctatus
1259 1457 1307 1531 sit,

145 1562 184 1623 ad
213 1561 434 1624 commentarios
460 1569 613 1623 revocetur
639 1580 755 1624 necesse
785 1570 830 1623 est
861 1562 911 1624 clr.
940 1561 997 1642 Ag.
1025 1559 1100 1625 XV.
1145 1562 1307 1625 Praeterea
1358 1640 1360 1644 ,

61 1681 63 1686 “
150 1667 326 1730 Plutarchus
344 1667 416 1730 haec
433 1667 537 1730 habet:
559 1661 666 1731 πολλοὶ
683 1659 745 1748 μὲν
762 1660 875 1753 ὀνείδη
895 1664 1005 1732 πολλὰ
1028 1666 1057 1732 δ’
1078 1666 1124 1743 είς
1145 1667 1307 1749 μαλακίαν

146 1772 199 1839 καὶ
222 1769 374 1856 σκώματο
401 1771 464 1838 καὶ,
478 1767 666 1855 χλευασμὸν
693 1767 873 1855 ὑπομείνας
901 1768 942 1838 ori
968 1770 1136 1862 προήκατο
1164 1769 1222 1839 τόν
1247 1776 1308 1841 τοῦ

146 1879 370 1964 συμφέροντος
403 1875 561 1965 λογισμόν
602 1874 657 1944 διὰ
692 1878 729 1942 τό
761 1875 964 1962 φαινόμενον
1001 1876 1145 1965 αἰσχρόν.
1191 1879 1307 1952 Quibus

147 1988 175 2050 iu
195 1987 294 2050 verbis
311 1988 357 2050 ira
374 1986 465 2050 Arati
482 1986 512 2049 iu
530 1985 728 2061 adversarios,
746 1986 795 2068 qui
813 1987 934 2068 injuria,
957 1987 1101 2063 irrisione,
1123 1987 1307 2051 cavillatione

145 2103 246 2158 contra
273 2113 339 2157 eum
366 2094 507 2173 agebant,
544 2093 671 2158 comitur
697 2101 728 2156 et
753 2095 851 2174 lugere
877 2112 931 2157 nos
963 2113 1021 2157 non
1052 2102 1166 2175 potest,
1201 2105 1306 2158 eventu

145 2209 276 2281 arrepto,
303 2221 338 2263 eo
363 2201 454 2282 magis
481 2221 546 2264 eam
570 2201 779 2282 oppositionem
807 2201 1002 2264 condemnari.
1026 2236 1069 2247 -—
1092 2203 1182 2265 Parte
1205 2210 1306 2264 autem

147 2307 299 2388 interjecta
325 2309 450 2389 impetus
477 2309 506 2370 in
528 2307 664 2370 Pellenen
692 2308 731 2369 ab
759 2306 872 2370 Aetolis
898 2310 991 2370 iaetus
1019 2314 1049 2370 et
1076 2307 1199 2389 direptio
1226 2308 1307 2370 urhis

146 2434 182 2476 ac
197 2416 266 2494 iuga
281 2434 379 2478 eorum
396 2415 597 2496 postprimum
609 2414 750 2494 impetum
764 2415 948 2478 Achaeorum
962 2415 1133 2478 continetur.
1166 2415 1306 2494 Magnam

150 2532 247 2585 autern
276 2521 429 2584 victoriam
462 2540 512 2584 eos
540 2527 720 2600 reportasse,
751 2522 781 2584 id
810 2521 886 2603 quod
912 2521 990 2602 apud
1018 2522 1145 2584 Aratum
1171 2520 1305 2600 tegimus,
1348 2569 1356 2585 .

145 2630 275 2692 hicnon
302 2628 473 2692 invenimus.
519 2627 626 2692 Clades
653 2628 839 2704 Aetolorum,
871 2628 896 2691 si
928 2628 996 2691 huie
1028 2628 1184 2691 narrationi
1217 2627 1305 2688 fidem

146 2735 288 2797 habemus
310 2735 559 2815 eperturbatioue
582 2736 725 2798 exercitus
746 2742 777 2797 et
799 2745 909 2799 terrore
932 2735 1014 2797 velut
1035 2733 1235 2817 lymphatico,
1257 2734 1306 2814 qui

145 2841 284 2904 militibus
307 2841 432 2922 injectus
459 2850 519 2915 est,
547 2860 613 2905 cum
640 2842 789 2905 mulierem
816 2842 985 2904 bellicosam
1014 2841 1043 2903 in
1070 2840 1178 2903 solario
1205 2839 1305 2920 templi

145 2948 307 3011 Artemidis
330 2947 561 3028 conspexissent,
588 2954 653 3011 orta
680 2956 734 3011 est.
759 2983 803 2993 -
826 2948 1049 3011 Enarrationem
1077 2947 1154 3010 hanc
1180 2966 1226 3009 res
1252 2947 1306 3009 ad-

145 3055 295 3118 mirabiles
310 3062 502 3135 aucupantem
518 3072 538 3116 a
552 3053 721 3138 Phylarcho
736 3055 890 3137 repetitam
906 3075 969 3118 esse
984 3054 1124 3136 suspicari
1139 3073 1306 3134 possumus3

145 3182 241 3243 aquo
264 3162 354 3225 etiarn
377 3161 407 3224 id
430 3161 508 3244 quod
527 3161 616 3223 Arati
637 3161 742 3225 merita
764 3162 967 3242 negleguntur,
990 3180 1047 3223 nou
1071 3160 1216 3223 abhorret.
1263 3161 1308 3223 At

151 3269 246 3332 altera
266 3267 394 3332 namatio
417 3267 485 3329 inde
504 3267 544 3330 ab
562 3259 659 3332 Aricol
677 3261 714 3331 δὲ
731 3267 915 3355 Πελληνεῖς
934 3269 1081 3350 usquead
1100 3265 1306 3351 παρελέσθαι

146 3372 204 3440 τόν
226 3371 388 3458 λομσμὸν
416 3393 441 3438 e.
464 3372 593 3438 XXXII
619 3374 700 3437 haud
723 3375 785 3438 scio
807 3394 844 3437 an
872 3396 890 3438 a
913 3375 1070 3439 Plutarcho
1096 3374 1174 3455 ipso,
1201 3373 1307 3455 quippe

144 3483 207 3564 qui,
242 3490 274 3544 ut
305 3482 449 3562 ejusmodi
475 3502 522 3545 res
547 3482 733 3547 admirabiles
761 3491 971 3566 perscrutatur,
1003 3500 1120 3563 operam
1148 3481 1213 3555 dat,
1241 3477 1304 3563 (cl.

145 3588 252 3651 Pericl.
274 3586 334 3668 VI)
363 3589 515 3669 explorata
542 3597 573 3653 et
598 3590 708 3652 tradita
739 3591 787 3653 sit.
834 3589 966 3652 Tertiam
998 3587 1196 3651 narrationem
1229 3586 1307 3667 apud

144 3695 325 3778 Polyaenum
347 3693 442 3772 VIII,
470 3692 513 3758 59
540 3695 709 3761 invenimus.
756 3695 817 3759 Sed
846 3716 882 3759 ea
908 3715 964 3759 non
991 3695 1047 3758 nisi
1068 3694 1238 3758 retractatio
1263 3699 1307 3755 est

144 3886 205 3925 eum
227 3868 321 3939 imaue,
345 3875 436 3940 putat,
459 3885 586 3940 eumque,
610 3868 810 3927 condicionibus
832 3871 868 3926 ab
891 3870 978 3926 Arato
999 3867 1212 3925 Atheniensibus
1234 3867 1306 3937 latis,

144 3975 214 4027 quae
226 3957 325 4014 foederi
335 3958 442 4027 iniquae
459 3964 563 4029 essent,
582 3957 722 4014 adstitisse
733 3958 878 4027 praedicat.
916 3957 991 4024 Quae
1003 3958 1155 4014 sententiae
1173 3957 1218 4025 iis,
1238 3971 1308 4026 qrrao

144 4048 179 4102 de
197 4047 319 4119 Lydiade
336 4047 437 4104 tradita
455 4053 520 4102 sunt
536 4048 619 4116 (Plut.
638 4047 712 4105 Arat.
731 4050 778 4118 30,
798 4050 833 4106 35
851 4050 886 4105 at
904 4047 1035 4104 Cleomti
1054 4047 1147 4119 Polyb.
1166 4047 1255 4117 1144,
1275 4051 1303 4122 ὃς

145 4140 191 4208 51,
211 4140 240 4210 33
258 4137 302 4194 IV
320 4139 367 4210 tt,
387 4137 430 4209 10)
447 4135 513 4191 nihil
531 4134 730 4193 confirmantur.
