2856 4574
621 162 840 228 ..10-

251 358 296 420 At
314 378 338 421 c.
354 357 466 422 XXIII
482 358 627 422 enarratio
647 366 786 423 mutatur.
832 359 944 423 Aratus
961 361 1036 424 enim
1057 359 1152 442 quiete
1170 361 1310 424 restituta

148 484 183 526 ex
209 485 276 528 arce
299 467 326 529 in
351 465 500 528 theatrum
523 486 555 528 se
577 466 735 528 contulisse
756 469 847 530 iertur
869 487 964 529 coram
987 465 1144 531 Corinthiis
1166 487 1212 531 res
1234 489 1254 530 a
1277 488 1310 530 se

150 581 249 650 gestas
265 580 456 635 excusaturus
472 581 510 648 et,
526 583 558 634 ut
572 573 671 635 foedus
685 573 801 649 faciant,
816 593 865 636 eos
880 568 1084 636 commoturus.
1130 574 1204 636 Cum
1220 574 1311 637 Arati

148 677 255 757 positio
278 679 306 741 in
329 699 431 754 soeua,
456 680 567 754 vultus,
589 686 687 756 gestus
711 679 918 754 describantur,
941 680 979 741 ab
1003 698 1037 740 eo
1061 679 1172 759 scripta
1194 700 1229 742 ea
1251 701 1309 744 non

147 805 210 847 esse
243 795 375 866 apparet.
423 785 541 848 Dictum
573 803 656 858 vero,
693 803 750 866 quo
781 785 1018 867 philosophomm
1051 785 1210 848 eruditione
1242 807 1310 850 eum

149 891 276 954 carnisse
298 892 488 972 significatur,
512 912 548 954 ex
571 911 605 954 eo
627 894 713 966 tonte,
736 891 785 973 qui
806 891 956 954 adhibitus
979 891 1019 954 sit
1040 893 1079 955 ad
1098 900 1189 973 caput
1207 892 1256 956 111
1279 905 1311 957 et

146 995 190 1071 X,
215 999 370 1078 repetitum
394 1019 458 1061 esse
481 998 662 1062 crediderim.
707 999 808 1079 Neque
822 999 930 1062 dictum
944 999 1015 1061 illud
1030 1019 1085 1062 non
1102 999 1229 1063 alienum
1244 1021 1310 1064 esse

149 1104 187 1164 ab
211 1123 244 1165 eo
267 1106 360 1179 fonte,
387 1106 436 1187 qui
467 1105 520 1168 sub
543 1107 629 1166 finem
657 1105 761 1185 capitis
783 1103 897 1168 XXIX
921 1105 1005 1168 nobis
1038 1116 1183 1182 occurrat,
1210 1109 1309 1188 lugere

150 1231 203 1272 nos
225 1219 329 1290 potest.
375 1211 447 1274 Jarn
469 1231 559 1290 supra
582 1231 607 1274 c.
628 1209 676 1273 ΠΙ
699 1220 728 1274 et
749 1210 783 1274 X
804 1213 841 1274 ad
864 1232 942 1288 eum,
962 1212 1011 1293 qui
1030 1232 1086 1275 non
1102 1213 1186 1292 longe
1202 1215 1309 1276 afuerit

147 1318 184 1379 ab
207 1318 317 1392 Ardto,
345 1321 510 1381 revocanda
532 1337 598 1381 esse
620 1317 696 1380 dixi:
726 1319 772 1380 cui
794 1337 830 1380 ea
852 1337 966 1400 quoque
988 1339 1061 1401 quae
1083 1320 1113 1382 in
1134 1319 1190 1383 hoc
1212 1321 1309 1402 capite

148 1424 332 1487 inveniuntur
358 1424 430 1487 mihi
455 1424 588 1486 videntur
615 1443 679 1486 esse
707 1424 910 1488 adscribenda.
937 1461 981 1471 -
1008 1427 1038 1489 A
1066 1427 1163 1508 capite
1196 1425 1309 1491 XXIV

145 1551 240 1593 rerum
269 1530 495 1605 enarrationem,
528 1550 603 1612 quae
629 1540 697 1612 post
723 1553 747 1594 c.
770 1530 868 1595 XXII
894 1532 1054 1614 interrupta
1081 1542 1156 1609 erat,
1183 1535 1308 1614 scriptor

145 1636 257 1716 lougius
284 1637 474 1718 prosequitur.
520 1637 607 1709 Quod
634 1657 703 1701 vero
731 1648 763 1701 et
789 1659 864 1720 quae
896 1640 1005 1720 praeda
1038 1640 1109 1701 urbe
1142 1648 1309 1722 expugnata

145 1745 225 1805 lacta
259 1743 300 1806 sit
331 1751 361 1806 et
392 1764 466 1825 quae
497 1744 612 1807 Aratus
644 1745 683 1806 ad
715 1743 957 1808 Acrocorinthum
994 1746 1213 1810 custodiendam
1244 1749 1308 1811 fieri

142 1851 275 1932 jusserit,
297 1852 463 1915 accuratius
486 1852 655 1933 exponitur,
679 1871 711 1915 ea
735 1871 849 1933 quoque
864 1852 903 1914 ad
919 1854 1141 1916 commentarios
1160 1857 1308 1919 referenda

146 1976 222 2031 esse,
250 1957 379 2038 exceptis
403 1957 682 2021 considerationibus
708 1957 874 2034 Plutarchi,
902 1978 976 2040 qnae
1003 1979 1021 2021 a
1048 1979 1135 2022 versu
1162 1972 1244 2024 sexto
1268 1963 1306 2024 ad

146 2064 327 2126 undecimum
352 2065 516 2145 pertineant
535 2063 601 2128 inde
622 2084 640 2127 a
662 2064 761 2127 verbis
785 2064 816 2128 oi
834 2058 895 2146 μὲν
919 2045 977 2130 orio
992 2066 1141 2146 Ρωμαῖοι
1163 2071 1307 2150 usquead

145 2165 310 2256 ἐδήλωσεν
334 2165 435 2246 stols
457 2165 496 2236 cri
517 2167 707 2254 γιγνόμενα,
731 2181 760 2234 et
781 2173 838 2236 fine
860 2171 964 2253 capitis
987 2174 1025 2235 ab
1041 2166 1150 2256 ἑώρων
1172 2171 1251 2258 γάρ.
1266 2224 1273 2239 .
1287 2224 1306 2251 .,

145 2276 334 2358 intelligimus
357 2275 421 2361 (cfr.
446 2278 553 2361 Philop
577 2277 619 2360 8).

252 2383 350 2465 Atque
378 2405 397 2446 a
424 2405 447 2448 c.
475 2383 570 2448 XXV
598 2385 687 2448 Arati
714 2385 788 2447 varii
818 2393 939 2448 conatus
966 2387 1063 2466 Argos
1096 2407 1115 2448 a
1152 2389 1306 2472 tyrannide

55 2560 57 2564 ¹
148 2490 291 2552 liberandi
314 2490 506 2556 continentur.
554 2492 639 2557 Onod
662 2511 732 2553 vero
748 2489 831 2553 dolus
846 2501 1098 2568 commemoratur,
1120 2513 1177 2574 qno
1193 2497 1306 2560 Aratus

146 2596 303 2678 conjuratis
330 2597 451 2678 Argivis
478 2599 555 2661 sicas
584 2597 795 2681 procuraverit,
823 2597 950 2660 Aratum
977 2597 1089 2678 ipsum,
1120 2601 1227 2682 qnippe
1258 2604 1307 2684 qui

145 2702 362 2782 diligentissime
385 2724 431 2766 res
458 2705 537 2768 tales
558 2707 667 2767 referat
695 2706 756 2786 (cir.
781 2723 823 2766 oc.
847 2703 910 2777 VI,
933 2704 1024 2780 VIII,
1045 2703 1123 2782 XII,
1144 2705 1210 2770 XX
1233 2707 1307 2791 alia)
1418 2702 1424 2717 “

146 2817 293 2871 auctorem
321 2809 443 2887 indicat,
472 2812 502 2874 id
534 2813 611 2894 quod
639 2832 674 2874 ea
700 2831 731 2873 re
758 2811 977 2891 comprobatur,
1009 2813 1086 2893 qnod
1115 2813 1231 2894 Argivi,
1258 2817 1307 2897 qui

146 2916 286 2997 impetum
309 2916 397 2979 Arati
420 2918 448 2980 in
471 2927 629 3001 tyrannum
650 2938 707 2980 non
730 2917 905 2998 adjuverint,
929 2913 1156 2996 ἐθελοδούλως
1177 2915 1307 3000 ἔχοντες

146 3023 340 3102 appellantur.
387 3023 459 3086 Fine
490 3032 587 3086 antem
621 3024 727 3105 capitis
763 3023 1010 3087 considerationes
1045 3025 1196 3089 Plutarchi
1234 3049 1307 3090 con-

145 3129 286 3203 tinentur,
325 3130 429 3210 quibus
462 3132 501 3192 ad
533 3131 718 3213 tyrannidem
750 3129 897 3212 Aristippi
930 3131 1151 3195 describendam
1190 3136 1305 3199 transit.

148 3235 239 3316 Cujus
262 3236 303 3299 rei
318 3239 426 3299 iontem
443 3237 643 3317 cognoscimus
659 3257 698 3299 ex
712 3237 771 3299 acri
787 3237 985 3320 objurgatione
1001 3239 1136 3320 ignaviae
1151 3239 1306 3322 Aristippi,

148 3362 221 3422 qnae
247 3344 367 3409 eundern
395 3353 558 3420 auctorem,
585 3364 669 3425 quem
697 3352 780 3406 sexto
809 3344 904 3425 capite
930 3346 1023 3408 verba
1050 3338 1147 3411 οὐδὲν
1175 3326 1217 3434 ἦν
1245 3340 1307 3430 ἄρα

144 3445 304 3530 τυράννου
320 3444 503 3534 δειλότερον
518 3450 646 3513 redolere
669 3451 795 3514 videtur.
839 3448 875 3514 In
896 3453 1042 3529 omnibus,
1065 3472 1141 3536 quae
1162 3455 1306 3530 dicuntur,

145 3557 243 3617 odium
266 3559 381 3619 fervens
404 3567 433 3619 et
454 3557 638 3639 implacabile
666 3577 721 3619 non
745 3558 838 3619 solum
861 3558 890 3620 in
907 3558 1091 3641 Aristippum
1115 3560 1166 3621 sed
1189 3561 1304 3623 omnino

145 3662 173 3724 iu
197 3672 336 3745 tyrannos
359 3663 497 3739 cernitur,
531 3666 606 3746 qnod
628 3664 727 3726 odium
751 3663 892 3744 imprimis
915 3664 944 3727 in
967 3665 1156 3728 societatibus
1190 3666 1304 3728 illomm

146 3777 325 3848 temporum,
352 3770 456 3852 quibus
479 3771 612 3833 homines
635 3769 807 3847 intererant,
830 3773 887 3853 qui,
910 3779 943 3835 ut
965 3782 1048 3834 erant
1069 3772 1247 3854 philosophi,
1268 3776 1305 3836 de

146 3877 235 3939 rebus
257 3876 381 3957 publicis
404 3876 608 3958 disputabant,
634 3877 791 3941 colebatur.
838 3877 922 3949 Quae
943 3878 1077 3954 consilia,
1103 3899 1234 3962 quasque
1255 3902 1304 3944 ra·

143 3983 237 4044 tiones
254 3983 320 4046 illae
337 3984 492 4046 societates
508 3983 675 4059 habuerint,
689 4003 726 4044 ex
743 3984 791 4060 iis,
812 3984 865 4064 qni
878 3984 915 4046 iia
930 3964 1097 4065 praeerant,
1115 3995 1303 4069 tyrannorum

145 4090 379 4170 percussoribus,
401 4091 543 4167 Ecdemo,
564 4091 787 4172 Megalophaue,
803 4092 1026 4168 Aristomacho,
1042 4092 1127 4156 Dinia
1142 4095 1216 4157 satis
1231 4114 1303 4176 per-
