2856 4574
604 215 826 286 ..35-

127 416 230 483 omnia
251 415 402 498 praesidis
420 415 591 491 emiserant,
613 416 809 481 aucuilestum
832 424 886 481 est.
927 414 997 488 Qua
1014 435 1051 480 ex
1069 416 1297 500 vituperatione.

127 545 188 608 qua
202 523 345 604 imprimis
360 531 481 604 praetor
495 522 689 600 afficiebatur,
709 523 841 605 judicare
856 542 1030 606 possumus,
1052 524 1197 602 Aratum3
1220 526 1298 607 qnod

126 632 207 696 illius
230 649 268 693 ex
290 628 507 692 commentariis
531 623 676 693 enarratio
697 631 808 694 hausta
830 640 889 708 est,
911 639 975 694 turn
990 631 1072 694 illum
1088 631 1299 712 magistratum

127 758 188 803 nou
210 735 477 800 administravisse.
524 737 590 799 Hac
615 737 704 816 igitur
725 757 772 800 res
796 737 885 801 etiam
909 737 964 800 sub
988 737 1144 801 TImoxeni
1166 736 1299 819 imperio,

133 843 217 926 cujus
233 842 391 924 descriptio
407 841 475 905 inde
487 863 506 905 s
518 843 681 906 Cleomenis
697 863 760 925 cap.
772 840 850 920 XV,
867 843 884 907 1
899 865 942 904 =
953 845 1040 907 Arat.
1052 862 1114 925 cap.
1124 840 1302 909 XXXVIII

133 949 247 1015 initium
282 954 379 1029 cepit,
405 960 503 1030 gestae
533 969 596 1014 esse
623 950 835 1031 conjiciendum
862 959 918 1015 est.
970 950 1173 1032 Sequentibus
1201 960 1302 1015 autern

132 1056 220 1120 rebus
242 1055 375 1119 Arctum
398 1065 563 1138 praetorem
588 1056 751 1121 interfuisse
774 1057 915 1141 Polybius
936 1056 983 1134 Π,
1009 1055 1067 1134 52,
1095 1054 1116 1120 3
1144 1055 1301 1122 testetur.*

34 1169 37 1173 ’
238 1161 328 1226 Arati
351 1173 443 1244 caput
464 1161 523 1228 XL
546 1184 611 1227 curn
627 1165 823 1247 descriptione
837 1165 1039 1247 antecedente,
1062 1183 1138 1246 qnae
1153 1184 1327 1229 commen·-

132 1269 223 1333 terios
245 1267 378 1352 sequitur
399 1271 560 1334 cohaerens
583 1271 686 1333 eadem
709 1271 798 1351 plana
819 1272 949 1347 ratione,
973 1291 1048 1353 quae
1070 1273 1108 1335 de
1129 1271 1216 1336 rebus
1237 1272 1302 1335 loe-

130 1377 210 1440 deris
233 1376 357 1439 internis
385 1385 454 1439 acta
486 1386 567 1454 sunt,
601 1396 686 1458 porro
714 1385 832 1442 tractet.
878 1377 951 1441 Jsm
977 1396 1014 1441 ex
1040 1397 1072 1440 re
1096 1377 1162 1460 ipsa
1189 1378 1303 1441 lentem

130 1490 344 1564 cognoscentes
372 1482 487 1564 singula
515 1491 679 1566 spectantes
708 1484 790 1548 nullc
812 1484 992 1549 dubitatione
1017 1484 1169 1549 efficimur.
1214 1483 1304 1548 Color

134 1588 217 1651 enirn
238 1589 430 1653 enarrationis
454 1591 492 1653 ed
507 1591 677 1655 relationem
693 1592 819 1667 reducit,
842 1612 918 1674 quse
939 1610 977 1654 ex
999 1590 1036 1652 iis
1058 1598 1122 1664 est,
1144 1590 1194 1672 qui
1207 1591 1303 1673 partis

137 1694 226 1758 Arcti
247 1704 343 1772 erant,
371 1696 400 1758 id
430 1698 507 1778 quod
535 1698 701 1761 nominibus
729 1698 912 1779 intelligitur,
939 1698 1044 1780 quibus
1072 1705 1227 1773 vocantur,
1254 1698 1305 1781 qui

137 1801 284 1867 Cleomeni
314 1804 463 1866 lucebant.
511 1807 562 1868 clr.
591 1800 694 1869 πάλον
722 1797 787 1893 ἤδη
819 1799 971 1880 ὕπουλος
997 1798 1128 1884 ἔχοντες
1155 1798 1241 1888 πρός
1267 1799 1305 1868 τό

137 1903 254 1974 κοινόν
275 1918 306 1972 et
327 1903 364 1974 τὸ
387 1908 525 1996 πλῆθος
547 1903 611 1998 ἤδη
636 1911 771 1976 νοσοῦν.
799 1912 913 1974 —Ex
940 1909 1104 1991 diligentie,
1136 1929 1196 1992 quc
1221 1910 1306 1974 dolus

133 2022 286 2093 narratur,
314 2036 370 2098 quo
398 2017 513 2080 Aratus
544 2018 710 2081 Corinthios
738 2019 850 2101 effugit,
876 2017 1074 2081 narrationem
1096 2016 1188 2080 Arcti
1215 2017 1307 2100 ipsius

132 2142 311 2205 cognoscere
336 2142 502 2205 possumus.
547 2126 659 2188 Eodem
690 2146 747 2189 uno
778 2128 857 2188 tonte
889 2125 981 2189 utitur
1007 2123 1188 2188 Plutarchus
1213 2142 1307 2207 nsque

136 2231 176 2292 ad
200 2229 319 2293 initium
343 2229 447 2311 capitis
468 2229 585 2297 XLIII.
631 2233 680 2296 Ad
703 2231 926 2296 commentarios
948 2231 1129 2294 revocandae
1151 2237 1219 2294 suut
1241 2229 1309 2293 illae

136 2337 270 2400 notiones
304 2337 340 2399 de
371 2337 468 2401 Arcto
511 2340 574 2420 ipso
609 2339 730 2402 allatae.
777 2359 841 2420 cap.
876 2337 952 2403 XLI
982 2333 1037 2402 καὶ
1069 2332 1307 2424 περιεστήσατο

137 2437 286 2527 φρουρὰν
307 2439 344 2508 ἐκ
366 2448 430 2508 τοῖν
453 2443 572 2510 ἑαυτοῦ
594 2444 736 2510 πολιτῶν
759 2465 823 2527 cap.
843 2443 935 2508 XLII
956 2439 1155 2524 ἐξίππευσεν
1178 2436 1232 2508 ἐπὶ
1245 2437 1307 2532 την

137 2544 304 2615 θάλατταν
330 2546 414 2632 ἔχων
442 2551 519 2617 δέκα
552 2553 669 2637 φίλους
696 2547 831 2618 καὶτὸν
858 2546 930 2616 υἱον
957 2545 1023 2638 ἤδη
1051 2549 1185 2615 νεανίαν
1217 2540 1306 2614 ὄντα.

135 2658 186 2721 Ex
209 2657 311 2719 eodem
334 2660 414 2721 fonte
437 2668 506 2722 sunt
521 2660 630 2723 heusta
644 2661 753 2723 indicia
768 2661 805 2722 da
821 2658 942 2722 internis
956 2655 1083 2720 foederis
1098 2656 1202 2732 rebus,
1224 2675 1310 2745 quae,

90 2762 94 2769 ’
137 2764 219 2846 qnod
240 2772 303 2828 tarn
324 2774 460 2828 accurate
481 2767 622 2849 planaque
643 2768 790 2848 descripta
821 2773 892 2829 sant
917 2781 1089 2844 semperque
1115 2762 1154 2825 ad
1177 2762 1307 2827 Aratum

139 2869 300 2951 pertinent,
326 2892 343 2934 e
370 2874 590 2937 commentariis
615 2883 703 2955 capta
731 2893 810 2947 esse,
838 2873 1008 2935 concludere
1036 2888 1199 2952 possumus.
1242 2868 1307 2935 cn.

144 2977 236 3040 Aret.
256 2973 331 3041 XLI
352 2978 396 3066 rqi
418 2977 448 3044 δ’
469 2976 595 3066 Ἀράτῳ
619 2979 791 3066 συνῆλθον
817 2977 862 3055 εἰς
881 2975 1029 3042 Σικυῶνα
1052 2967 1092 3041 οὗ
1114 2973 1233 3040 πολλοὶ
1253 2972 1310 3041 καὶ

143 3081 325 3169 γενομένης
347 3081 521 3174 ἐκκλησίας
547 3082 654 3175 ᾑρέθη
685 3079 862 3172 στρατηγὸς
891 3078 1095 3167 αὐτοκράτωρ
1125 3101 1190 3164 cap.
1217 3078 1309 3147 XLII

143 3185 177 3252 oi
188 3182 386 3270 μὲνἍχανοὶ
398 3188 665 3279 συνεληλυθότες
677 3191 722 3268 εἰς
731 3189 842 3275 Αἴνιον
858 3185 929 3255 ἐκεῖ
938 3182 1146 3274 τὸνἌρατον
1158 3183 1309 3255 ἐκάλουν.

248 3363 362 3423 *Klstt
379 3367 398 3426 l.
411 3367 427 3424 l.
445 3383 471 3438 p.
486 3371 528 3426 75.
564 3367 615 3424 sub
626 3368 777 3424 Timoxeno
795 3372 931 3435 praetore,
950 3379 1004 3434 quo
1022 3364 1111 3419 minus
1123 3363 1238 3418 Lernam
1250 3377 1312 3418 cou-

139 3452 276 3524 venirent,
304 3454 469 3524 prohibitum
498 3471 558 3510 esse
580 3455 657 3526 dicit,
686 3462 743 3510 tum
766 3455 825 3527 jam
849 3453 900 3510 sub
922 3453 1032 3523 imperio
1053 3451 1131 3508 Arati
1152 3451 1243 3522 Argos
1264 3465 1311 3508 coc

139 3541 308 3603 convenisse.
346 3543 425 3610 Quod
437 3543 570 3615 judicium
588 3550 733 3615 sequentes
751 3550 848 3613 putare
865 3541 1006 3613 debemus,
1025 3541 1128 3610 plures,
1150 3555 1231 3610 quem
1243 3539 1312 3596 veri·

140 3628 226 3685 simile
248 3637 305 3701 est,
329 3647 373 3688 res
395 3648 467 3688 anuo
489 3633 667 3703 magistratus
686 3633 765 3689 Arati
788 3639 882 3703 gestas
906 3645 979 3701 esse,
1002 3629 1144 3686 Timoxeni
1165 3627 1254 3684 nullas
1276 3643 1311 3685 ne

139 3719 261 3776 actiones
279 3721 389 3792 quidem
407 3736 467 3777 esse
485 3719 580 3780 factes
617 3722 702 3788 Quem
720 3736 809 3776 rerum
822 3719 954 3789 ordinem,
973 3734 1035 3774 cum
1053 3732 1122 3788 quoe
1134 3716 1235 3774 trcdits
1246 3721 1312 3773 snut

140 3823 195 3862 uon
214 3813 355 3882 tueantur,
374 3811 485 3866 credere
502 3824 557 3864 non
573 3825 726 3880 possumus.
762 3811 905 3865 Praeterea
916 3808 987 3864 idem
1005 3812 1100 3865 auctor
1112 3822 1140 3877 p.
1153 3808 1187 3864 96
1206 3804 1311 3867 dicens:

141 3895 209 3967 „Die
221 3896 337 3968 Achiler,
354 3898 454 3973 Sicyon
465 3898 580 3956 bedroht
592 3898 702 3969 schend,
716 3896 843 3954 schicken
856 3914 909 3953 von
921 3898 1009 3968 Argos
1022 3896 1311 3966 Besetuaugstruppeu

142 3989 224 4041 uuter
241 3984 303 4041 dem
323 3985 471 4061 Strategen
490 3989 590 4046 Arctos
608 3986 741 4044 dorthinl.
760 4018 794 4026 -
812 3992 893 4046 erret.
929 3987 1023 4057 Neque
1040 3985 1235 4041 erimantum
1252 3988 1311 4039 tum

141 4077 295 4142 praetorem
317 4074 414 4149 fuisse,
437 4093 524 4148 neque
542 4078 657 4134 Arctum
679 4091 739 4132 cam
757 4073 892 4145 pracsidio
913 4090 945 4131 co
962 4075 1073 4130 missurn
1091 4087 1164 4144 esse,
1186 4087 1231 4128 rea
1255 4075 1312 4129 tra·

143 4159 218 4216 ditae
235 4163 392 4225 ostendunt
