2856 4574
618 178 816 242 „2-

139 375 252 438 infestis
274 373 379 436 castris
405 371 556 446 fluxerint,
579 392 644 434 cum
663 394 712 450 ea,
736 393 810 455 quae
829 374 857 435 in
876 372 945 434 vitis
964 372 1070 451 Agidis
1089 380 1119 435 et
1138 372 1300 436 Cleomenis

135 483 333 562 proteruntur,
366 478 522 560 praecipue
557 479 596 540 ab
624 479 676 554 iis,
707 480 848 559 quicum
876 479 922 542 his
954 479 1068 558 regibus
1101 480 1300 560 popularibus,

139 608 214 669 quae
237 588 273 650 de
296 585 360 647 vita
382 585 471 648 Arati
495 585 643 661 dicuntur,
670 595 722 648 aut
749 586 787 648 ab
811 587 907 649 Arato
938 585 1000 667 ipso
1024 595 1080 648 ¹aut
1104 586 1142 648 ab
1169 586 1219 663 iia,
1248 588 1300 666 qui

136 715 201 757 curn
230 693 285 755 hoo
318 693 391 755 duce
419 692 605 755 Achaeorum
633 700 695 754 tum
724 693 927 775 potentissimo
955 691 1073 767 luerint,
1108 692 1300 767 manaverint,

135 801 190 864 nisi
204 819 272 862 'rem
292 819 350 862 una
368 798 606 873 tractaverimus,
629 800 692 861 fieri
710 820 766 863 non
785 806 896 881 potest,
920 798 999 880 quin,
1023 807 1075 860 aut
1092 798 1195 880 quibus
1213 798 1300 859 rebus

135 915 187 970 aut
209 905 313 986 quibus
335 905 522 986 scriptoribus
550 906 623 968 fides
651 906 787 968 habenda
810 906 870 980 sit,
897 914 976 967 recte
999 905 1170 986 judicemus.
1219 901 1299 974 Quin

138 1013 228 1075 etiam
252 1011 474 1075 Schoemannus
496 1011 525 1073 in
548 1012 778 1092 quaestionibus,
801 1032 876 1094 quae
898 1014 937 1075 ad
956 1011 1046 1091 Agim
1069 1020 1098 1073 et
1112 1012 1300 1074 Cleomenem

140 1119 300 1201 pertinent,
332 1117 493 1200 Phylarchi
528 1119 624 1182 studio
657 1119 761 1181 ductus
794 1129 896 1181 contra
925 1117 1081 1199 Polybium
1113 1126 1143 1180 et
1172 1119 1300 1181 Aratum

137 1225 220 1288 dixit.
267 1225 360 1306 Cujus
388 1225 552 1286 sententiae
580 1225 783 1287 anctoritatem
815 1245 880 1287 cum
912 1225 996 1287 multi
1030 1235 1232 1307 sequerentur,
1265 1235 1301 1287 ut

135 1331 287 1395 Cleomeni
323 1340 352 1394 et
381 1329 546 1411 Phylarcho
573 1331 716 1393 laudatori
747 1333 823 1413 ejus,
853 1333 962 1413 majus,
993 1330 1089 1392 Arato
1117 1341 1146 1393 et
1174 1332 1300 1416 Polybio

136 1438 248 1517 minus,
280 1456 368 1519 quam
391 1445 558 1518 parasset,
581 1438 705 1519 pretium
729 1445 917 1513 statueretur,
940 1439 1071 1500 effectum
1094 1446 1149 1502 est.
1175 1474 1215 1486 -
1239 1438 1300 1502 Sed

136 1547 230 1607 lontes
262 1544 387 1606 vitarum
420 1551 587 1607 nostrarum
620 1565 679 1634 uua
712 1552 856 1619 tractare,
890 1562 997 1626 eosque
1028 1564 1047 1606 a
1079 1543 1179 1626 primis
1208 1545 1299 1607 initiis

137 1659 267 1733 repetere
286 1652 373 1713 modo
393 1650 432 1712 ad
451 1659 544 1712 artem
568 1651 684 1712 redacto
707 1652 804 1712 adhue
828 1651 945 1713 omnino
967 1670 1023 1712 non
1047 1659 1223 1732 temptatum
1246 1660 1299 1714 est.

18 1773 21 1777 ·
137 1756 297 1832 Attamen,
325 1757 379 1819 nisi
404 1757 432 1819 id
460 1759 571 1819 factum
598 1758 666 1834 erit,
698 1759 759 1820 lieri
787 1777 843 1820 non
872 1765 982 1838 potest,
1009 1759 1077 1839 quin
1104 1759 1133 1819 in
1163 1759 1300 1820 cernendi

140 1871 172 1924 et
197 1864 348 1944 judicandi
375 1872 439 1924 arte
466 1863 666 1943 proficiamus,
695 1885 788 1946 neque
812 1865 897 1926 aliter
924 1883 971 1925 res
994 1863 1108 1925 illumin
1136 1872 1298 1945 temporum

140 1969 347 2052 perspiciemus
370 1978 401 2031 et
423 1969 624 2049 intelligemus.

243 2075 342 2157 Atque
367 2077 395 2138 in
412 2075 583 2157 quaestione
598 2097 665 2140 mea
680 2078 809 2139 ordinem
825 2086 986 2159 temporum
1002 2075 1160 2139 observans
1175 2069 1305 2158 primuni

137 2182 173 2243 de
196 2183 324 2245 lontibus
342 2183 431 2246 Arati
454 2203 479 2246 c.
502 2179 609 2246 1-35
625 2184 729 2265 Agidis
746 2183 908 2246 Cleomenis
922 2203 947 2246 c.
966 2179 1052 2245 1-4
1072 2203 1172 2264 agarn,
1196 2186 1298 2247 deinde

139 2291 233 2351 tontes
256 2288 324 2350 belli
339 2289 528 2366 Cleomenici,
552 2291 627 2372 qnod
652 2298 804 2353 enarratur
827 2291 855 2353 in
872 2289 969 2352 Arato
992 2310 1012 2352 a
1034 2291 1128 2370 capite
1151 2290 1193 2355 35
1209 2310 1298 2371 usque

137 2396 176 2458 ad
199 2395 242 2460 46
266 2405 295 2457 et
317 2395 346 2459 in
363 2396 516 2461 Cleomene
540 2419 558 2460 a
580 2419 604 2461 c.
629 2396 753 2471 4—30,
776 2417 836 2461 una
858 2397 1011 2471 tractabo,
1036 2397 1161 2478 denique
1179 2398 1296 2460 ultimas

136 2522 185 2566 res
213 2522 232 2565 a
259 2503 414 2566 Cleomene
446 2513 476 2566 et
504 2506 599 2567 Arato
627 2515 739 2586 gestas,
770 2521 845 2582 quae
872 2503 1056 2565 inveniuntur
1083 2503 1112 2567 in
1134 2505 1298 2567 Cleomenis

138 2608 201 2672 vita
224 2609 368 2691 capitibus
386 2609 518 2674 30-39
534 2619 564 2673 et
582 2612 610 2673 in
626 2613 718 2675 Arati
734 2631 759 2674 c.
774 2608 907 2674 tle-54
923 2610 958 2671 iis
977 2610 1118 2674 adhibitis
1140 2629 1156 2671 e
1172 2610 1296 2692 Polybio

140 2723 170 2778 et
193 2716 355 2791 Pausania,
378 2737 453 2799 quae
474 2717 531 2780 huc
554 2720 713 2800 pertinent,
737 2719 890 2781 enarrabo.
1338 2711 1344 2717 ⁸

138 2889 358 2946 Brandstaetter:
377 2890 475 2947 Gesch.
494 2891 542 2948 des
561 2893 649 2953 Ae'tol.
668 2891 786 2947 Bundes.
826 2893 904 2948 1844.

140 2981 206 3035 Van
223 2980 344 3048 Capella:
370 2980 527 3036 Cleomenes
544 2983 596 3042 HL
633 2983 808 3049 Haag1843.
845 2981 960 3038 Dissert.

138 3069 230 3128 Klatt:
245 3069 437 3141 Forschungen
450 3086 498 3124 aur
507 3071 606 3130 Gesch,
619 3070 667 3125 des
676 3068 832 3124 Achaeisoh.
845 3068 962 3123 Bundes.
992 3064 1020 3124 S.
1032 3069 1050 3122 8
1061 3065 1088 3120 ff.
1116 3065 1205 3120 Berlin
1221 3070 1297 3124 1879.

137 3157 248 3228 muger:
268 3159 320 3214 Die
338 3160 450 3226 Quclleu
469 3175 503 3213 zu
522 3161 594 3219 Plut.
612 3161 730 3231 Lycurg.
767 3156 794 3216 S.
812 3160 847 3215 25
870 3156 898 3212 ff.
934 3155 1065 3224 illarburg
1084 3157 1161 3236 laoy.
1198 3156 1273 3213 Diss.

136 3247 231 3307 Peter:
254 3248 342 3304 Ueber
364 3248 416 3303 den
434 3248 528 3307 histor.
547 3249 625 3304 Wert
646 3248 694 3303 der
711 3244 873 3316 Biographie
896 3245 943 3301 des
961 3246 1080 3317 Lycurg.
1117 3243 1211 3300 Rhein.
1230 3243 1298 3302 llus.

349 3338 382 3398 N.
400 3337 430 3398 P.
448 3340 534 3394 XXII
552 3341 630 3398 1867.

139 3424 235 3486 Grote:
254 3427 366 3499 History
383 3425 415 3483 ot'
429 3427 531 3483 Greece
548 3430 577 3483 Π
595 3443 620 3495 p.
639 3429 700 3483 482.

22 3578 25 3583 .
136 3515 268 3574 Valeton:
288 3515 329 3570 Do
348 3515 453 3588 Polybii
471 3516 564 3574 fontib.
583 3522 614 3571 et
631 3515 800 3574 auctoritate.
837 3513 950 3569 Utreeht
970 3516 1046 3573 1879.

137 3604 228 3663 Blass:
248 3603 373 3659 Attische
391 3604 594 3661 Beredsamkeit
612 3621 665 3661 von
683 3603 839 3658 Alexander
855 3602 897 3658 bis
915 3603 1032 3671 August.
1068 3599 1096 3660 S.
1114 3602 1150 3656 48
1168 3599 1186 3658 f.

138 3692 230 3747 Erwin
248 3691 354 3752 Rnhde:
373 3694 429 3748 Der
447 3694 547 3764 griech.
565 3696 676 3750 Roman.
714 3691 740 3746 S.
760 3696 794 3750 51
813 3691 831 3751 f.

138 3783 274 3855 Droysen:
290 3782 450 3838 Gesohichte
464 3783 512 3838 des
527 3783 714 3841 Hellenismns.
733 3781 803 3842 HS.
818 3784 878 3842 246.
897 3782 941 3836 III
950 3779 976 3839 S.
986 3777 1066 3836 208l.
1086 3780 1137 3849 III,
1156 3777 1210 3835 28.
1221 3782 1255 3835 82
1270 3778 1294 3833 ff.

138 3871 278 3928 Thirwall:
297 3873 409 3944 History
428 3871 459 3929 ol
474 3872 575 3928 Greece
592 3873 673 3931 VHI.
980 3861 982 3864 ’

136 3958 276 4017 Preemnn:
298 3961 412 4033 history
431 3960 463 4018 of
476 3960 575 4016 sederat
593 3965 779 4031 government.

611 4139 821 4149 *—
