2856 4574
598 209 817 274 ..11...

126 404 257 487 spicitur.
304 404 392 476 Quod
417 423 486 466 vero
513 405 594 468 vitae
621 409 793 471 consuetudo
817 407 964 489 Aristippi
991 404 1209 470 accuratissime
1234 405 1288 468 de-

126 512 276 587 scribitur,
304 510 427 574 Diniam
449 511 499 592 qui
522 532 568 575 res
592 513 719 594 Argivas
746 501 875 595 cognitas
903 498 1056 589 hahuerit,
1083 516 1192 576 iontem
1223 533 1287 574 esse

126 618 277 700 suspicare
305 638 469 699 possumus.
514 619 546 682 Is
569 619 645 682 enim
668 620 787 697 librum,
808 621 858 702 qui
877 619 1015 700 Argolica
1037 620 1192 701 inscriptus
1212 627 1288 695 erat,

127 725 300 806 scripserat,
314 725 362 806 qui
377 744 555 806 permagnus
571 726 687 788 videtur
702 726 792 789 fuisse
807 748 870 790 cum
888 726 916 789 in
933 726 1097 807 complures
1113 722 1288 806 συντάξεις,

126 853 202 914 quae
224 839 372 907 vocantur,
394 831 505 894 divisus
526 831 566 894 sit
589 833 647 912 (cfr.
661 832 770 896 Mdller
790 836 839 897 Fr.
861 835 930 898 hist.
952 835 1003 899 Gr.
1020 832 1093 914 III).
1139 831 1198 906 Qui
1214 834 1289 896 liber

129 960 148 1002 a
172 939 334 1002 Plutarcho
357 939 386 1001 in
409 957 434 1001 o.
457 937 570 1002 XXIX
592 947 723 1003 vocatur.

234 1047 321 1109 Hunc
342 1064 413 1108 uero
436 1065 533 1108 rerum
556 1046 727 1125 scriptorem
743 1047 867 1111 eundem
882 1067 960 1123 esse,
983 1055 1070 1129 atque
1086 1046 1289 1127 philosophum

129 1162 159 1215 et
181 1152 320 1214 sicarium
335 1153 468 1236 tyranni,
490 1172 576 1234 quem
597 1153 708 1216 Aratus
733 1154 761 1216 iu
778 1173 803 1218 c.
817 1153 866 1216 III
884 1162 1109 1227 commemorat,
1133 1153 1289 1216 verisimile

130 1278 193 1322 esse
216 1259 314 1322 credo.
361 1257 421 1321 Sed
445 1279 534 1340 quum
557 1258 613 1322 boo
635 1267 725 1339 caput
740 1261 868 1343 quadam
884 1261 1024 1323 affinitate
1040 1279 1106 1323 cum
1121 1259 1170 1322 VI
1186 1261 1289 1340 capite,

128 1366 293 1446 quodcum
316 1363 364 1427 111
387 1373 418 1427 et
438 1364 487 1428 IV
510 1366 661 1442 cohaeret,
688 1367 871 1447 conjunctum
900 1368 952 1443 sit,
982 1385 1082 1429 omnes
1109 1368 1165 1429 hae
1193 1376 1290 1447 partes

127 1475 165 1536 ad
180 1472 319 1552 Argolica
334 1492 353 1534 a
369 1471 458 1534 Dinia
473 1473 583 1552 scripta
598 1475 780 1537 revocandae
800 1474 935 1537 videntur
949 1493 1020 1537 csse.
1067 1473 1290 1537 Adolescentiae

130 1587 229 1642 autem
256 1579 344 1641 Arati
370 1579 512 1641 rationem
537 1580 567 1641 in
595 1580 652 1643 illis
678 1580 794 1656 haberi,
830 1581 929 1643 mirari
956 1600 1013 1643 non
1041 1600 1196 1662 possumus
1224 1600 1289 1644 cum

128 1687 299 1749 adolescens
322 1685 410 1764 Argis
432 1687 526 1749 luerit.
553 1723 595 1733 -

234 1792 340 1873 Capite
361 1791 502 1868 XXVII,
531 1814 588 1875 quo
612 1795 696 1857 modo
719 1794 823 1857 iterum
843 1793 955 1857 Aratus
978 1794 1117 1875 impetum
1140 1792 1169 1856 in
1193 1793 1290 1873 Argos

128 1900 243 1975 fecerit,
264 1907 411 1963 narratur.
456 1900 525 1972 Qua
539 1902 567 1963 in
584 1900 766 1963 enarratione
781 1919 828 1961 res
844 1900 970 1964 maxime
989 1910 1056 1964 sunt
1074 1901 1169 1963 verbis
1186 1908 1291 1963 auctae

132 2018 163 2070 et
185 2009 272 2073 haec:
297 2002 390 2088 6de
405 2001 562 2090 τύραννος
576 1999 641 2094 ἤδη
666 2003 742 2089 περὶ
764 2001 910 2089 δρασμόν
934 1993 1001 2087 εἶχε
1023 2004 1077 2072 καὶ
1098 2003 1206 2071 πολλοὶ
1227 2006 1290 2070 τῶν

130 2113 219 2179 ἰδίων
252 2109 306 2178 ἐπὶ
337 2109 515 2179 θάλασσαν
546 2114 794 2197 προεξέπεμπε,
827 2114 933 2195 quibus
967 2113 1137 2193 Aristippus
1172 2122 1291 2195 propter

128 2221 274 2302 ignaviam
297 2220 422 2283 ludibrio
447 2222 589 2295 hahetur,
612 2221 797 2283 adeundam
820 2221 929 2283 iontem
951 2221 1104 2282 reserenda
1125 2228 1207 2295 sunt,
1234 2239 1290 2300 quo

128 2326 303 2390 Plutarchus
330 2328 359 2390 in
386 2328 481 2409 capito
514 2329 703 2391 antecedente
735 2347 807 2390 usus
842 2334 896 2391 est.
944 2328 1030 2389 Hanc
1061 2346 1131 2389 vero
1162 2326 1291 2406 impetus

128 2434 348 2515 descriptionem
376 2454 396 2496 a
422 2435 509 2499 Dinia
540 2437 650 2498 tactam
678 2433 704 2496 si
730 2453 796 2497 cum
825 2453 862 2496 ea
891 2433 1112 2508 contulerimus,
1146 2452 1233 2513 quarn
1260 2433 1289 2495 in

129 2562 191 2623 cap.
212 2539 308 2606 XXV
332 2560 368 2603 ex
391 2541 606 2605 commentariis
630 2542 834 2622 depromptam
857 2540 1034 2614 invenimus,
1059 2560 1204 2603 summum
1227 2559 1290 2602 esse

130 2667 302 2711 consensum
325 2666 422 2711 rerum
445 2647 649 2728 intelligemus.
695 2646 827 2710 Primum
843 2647 920 2710 enim
943 2654 1065 2729 utroque
1086 2646 1149 2708 loco
1165 2645 1291 2727 Argivos

127 2754 340 2837 expeditionem
361 2755 450 2818 Arati
471 2754 542 2817 nihil
566 2773 683 2816 curasse
710 2762 740 2815 et
769 2753 854 2834 plane
880 2754 1045 2834 neglexisse
1071 2753 1176 2815 iterum
1203 2759 1291 2835 atque

127 2863 229 2924 iterum
260 2867 510 2924 commemoratur.
556 2861 633 2922 Nam
659 2860 688 2923 in
716 2880 741 2923 c.
764 2858 861 2923 XXV
883 2861 1017 2942 legimus:
1049 2863 1130 2936 ,raia
1158 2858 1291 2924 πολλῶν

127 2959 191 3055 ἤδη
216 2962 272 3032 διὰ
295 2962 479 3054 συνήθειαν
502 2960 729 3042 ἐθελοδούλως
749 2962 890 3047 ἐχόντων
914 2964 968 3032 καὶ
988 2961 1134 3055 μηδενός
1154 2958 1290 3048 ἀφίστα-

127 3074 230 3154 μένου
252 3069 337 3156 πρός
355 3066 455 3138 αὐτόν
476 3066 711 3158 ἅπεχοίρησεν“
730 3080 761 3135 et
776 3074 805 3136 in
820 3094 845 3140 c.
862 3073 990 3139 XXVII
1006 3073 1060 3152 „oi
1072 3068 1133 3155 μίν
1147 3070 1291 3156 Ἀργεῖοι

128 3177 282 3264 καθάπερ
306 3173 368 3260 οὐχ
394 3173 476 3261 ὑπὲρ
505 3178 563 3266 τῆς
585 3175 717 3243 ἐκείνων
745 3176 937 3263 ἐλευθερίας
965 3179 1024 3268 τῆς
1050 3175 1160 3267 μάχης
1189 3173 1292 3266 οὔσης

128 3280 200 3351 οἷλλ)
222 3281 265 3363 ὥς
286 3282 344 3350 τόν
363 3285 513 3367 Νεμειοίν
537 3278 647 3369 hydra
659 3281 873 3371 βραβεύοντες
889 3285 1159 3352 instabilitates
1175 3283 1293 3351 θεαταὶ

128 3391 276 3480 καθῆντο
307 3387 435 3480 πολλήν
463 3387 604 3479 ἡσυχίαν
626 3385 791 3476 ἅνοννες.“
836 3394 951 3457 Deinde
973 3401 1094 3475 utroque
1113 3394 1176 3457 loco
1191 3392 1293 3474 paucis

130 3520 196 3563 cum
220 3499 362 3562 militibus
384 3495 497 3562 Aratus
520 3499 661 3580 impetum
688 3501 791 3564 fecisse
817 3501 929 3564 dicitur.
975 3499 1085 3562 Mirum
1113 3509 1211 3563 autem
1239 3507 1292 3574 est,

128 3607 205 3688 quod
228 3607 363 3686 deinceps
379 3606 491 3687 impetu
507 3606 659 3686 repentino
676 3608 764 3689 copiis
777 3627 833 3670 non
849 3606 1055 3669 sufficientibus
1071 3608 1171 3669 urhem
1188 3626 1292 3688 capere

128 3713 174 3776 bis
197 3713 397 3794 temptaverit.
444 3709 537 3787 Quid,
564 3722 668 3775 eventu
691 3713 795 3796 prioris
821 3713 948 3794 impetus
974 3714 1092 3776 doctum
1123 3734 1188 3776 eum
1216 3713 1291 3775 satis

128 3839 252 3899 magnas
264 3818 364 3900 copias
379 3828 479 3883 contra
495 3820 596 3882 urbem
612 3820 730 3882 duxisse
744 3839 839 3884 nonne
853 3819 1039 3901 putabimus?
1052 3820 1132 3882 Num
1143 3819 1290 3893 Achaeos,

130 3936 288 4008 postquam
317 3936 384 4007 post
410 3926 536 4007 priorem
566 3924 707 4006 impetum
734 3925 831 3989 laesae
857 3926 938 4008 pacis
959 3927 1088 3989 accusati
1111 3935 1141 3987 et
1162 3926 1292 3988 damnati

128 4040 238 4108 essent,
261 4034 361 4097 statim
385 4033 464 4096 idem
487 4043 606 4096 conatos
628 4051 692 4094 esse
715 4033 940 4097 arbitrabimur?
964 4067 1003 4079 -
1028 4032 1188 4114 Equidem,
1216 4033 1291 4096 Plu-

127 4139 277 4216 tarohum,
307 4159 396 4223 quum
426 4140 534 4224 aliquid
556 4139 729 4204 discriminis
752 4140 907 4204 interesset
934 4138 1009 4202 iuter
1030 4141 1151 4213 loutes,
1171 4141 1306 4200 aarum
