2856 4574
620 218 912 294 -5-.Ι

132 419 308 483 Plutarchus
330 418 359 480 in
383 417 672 480 commentationibus
700 398 831 479 nioratur
856 414 943 478 nullis
976 415 1063 478 rebus
1085 412 1211 486 additis,
1238 412 1295 476 nisi

41 531 48 548 ⁶
133 547 209 608 quae
230 527 293 607 jam
318 532 407 586 antea
430 531 672 586 commemoratae
693 532 769 587 sunt.
790 562 832 570 —
851 523 916 586 Iam
941 531 1124 584 transeamus
1143 521 1180 581 ad
1200 539 1223 581 c.
1244 517 1294 593 10,

134 652 190 715 quo
215 631 404 705 Plutarchus,
429 630 532 710 quibus
555 631 713 693 virtutibus
730 631 844 694 Aratus
867 639 896 692 et
917 629 946 690 in
970 628 1096 689 exercitu
1119 627 1247 689 ducendo
1266 633 1297 687 et

132 740 162 800 in
186 737 334 818 republica
358 735 588 798 administranda
606 739 754 817 praeditus
773 739 872 812 luerit,
897 733 1035 798 describit
1053 733 1157 808 etita,
1179 739 1213 795 ut
1231 752 1254 794 a
1272 731 1292 794 3

132 854 163 906 et
185 843 216 907 4.
246 844 370 905 virtutes
397 843 479 924 pueri
506 852 536 904 ct
561 843 754 906 adolescentis
783 853 967 907 enumeratae
994 850 1087 903 erant.
1132 838 1217 911 Quae
1244 837 1293 901 hic

132 972 208 1015 nova
223 951 379 1013 offeruntur
391 949 532 1029 imprimis
551 949 619 1012 hoc:
634 947 687 1014 καὶ
700 946 845 1035 θεάτρου
859 950 937 1031 μίαν
953 943 1068 1034 φωνήν
1083 943 1234 1030 ἀφιέντος
1250 939 1293 1021 οἷς

134 1051 311 1132 οὐδενος..
327 1104 334 1118 .
354 1050 492 1143 ἐραστής
509 1063 542 1118 ut
560 1056 634 1118 alter
653 1057 716 1121 lons
735 1058 783 1139 qui
801 1057 885 1120 nobis
903 1056 932 1117 in
951 1055 1037 1117 tertio
1056 1054 1152 1134 capite
1169 1052 1294 1116 occurrit

131 1167 169 1226 ad
189 1163 340 1245 aequalem
356 1162 442 1224 Arati
458 1163 589 1225 videntur
607 1166 771 1226 revocanda
788 1184 861 1227 ease.
909 1160 1023 1234 Quodsi
1038 1162 1151 1224 Aratus
1170 1160 1291 1240 ignavus

131 1271 221 1334 luisse
248 1269 366 1342 dicitur,
399 1277 442 1343 et,
470 1269 546 1350 quod
574 1270 813 1350 philosophorum
841 1269 999 1332 eruditione
1026 1267 1162 1342 caruerit,
1188 1283 1291 1345 repre-

129 1377 279 1450 henditur,
300 1375 339 1437 ab
362 1374 496 1436 inferiore
524 1376 614 1452 fonte,
642 1377 691 1459 qui
714 1378 751 1439 ad
775 1396 838 1458 cap.
863 1375 897 1452 3,
921 1376 976 1452 28,
1000 1375 1042 1439 29
1066 1373 1214 1437 adhibitus
1237 1377 1291 1448 est,

127 1484 282 1565 repetitum
305 1500 369 1543 esse
392 1481 545 1543 verisimile
570 1491 624 1545 est.

236 1590 295 1653 Sed
314 1609 338 1650 c.
353 1586 402 1651 XI
421 1597 450 1649 et
467 1586 532 1652 ΧΠ
550 1609 646 1652 rerum
665 1590 878 1652 enarrationem
901 1589 1013 1669 longius
1035 1595 1244 1670 prosequuntur
1262 1593 1291 1648 et
1357 1582 1360 1587 ‘

129 1696 212 1759 facile
235 1696 283 1769 iis,
311 1683 479 1777 quaesunt
500 1696 530 1756 iu
557 1716 582 1760 c.
611 1696 645 1771 9,
669 1693 711 1759 25
735 1691 900 1760 ὑπέδυσαν
923 1693 1080 1772 ἑκουσίως
1108 1687 1216 1777 ὄνομα
1239 1689 1293 1758 καὶ
1329 1774 1337 1785 .

132 1801 299 1866 πολιτείαν
321 1795 381 1886 τήν
402 1797 560 1881 Ἀχαιῶν,
583 1805 785 1884 adjunguntur.
830 1803 994 1884 Utrumque
1013 1822 1082 1866 vero
1100 1811 1200 1883 caput,
1225 1822 1290 1865 cum
1345 1782 1360 1821 ²⁹

130 1909 158 1971 iu
181 1910 217 1972 iis
239 1908 310 1970 nihil
336 1908 394 1970 nisi
416 1927 462 1970 res
490 1910 528 1970 ad
551 1911 677 1972 Aratum
704 1910 799 1990 ipsum
828 1909 1005 1990 pertinentes
1031 1916 1207 1983 tractentur,
1235 1909 1290 1971 hac

129 2017 194 2095 ipsa
219 2035 251 2077 re
284 2017 499 2078 demonstratur
531 2035 547 2076 e
574 2017 790 2079 commentariis
823 2017 880 2078 illis
906 2016 1007 2092 Arati,
1041 2016 1090 2098 qui
1121 2036 1140 2079 a
1167 2015 1290 2100 Polybio

131 2118 205 2205 περὶ
227 2123 290 2185 τῶν
313 2119 403 2187 ἰδίων
427 2122 633 2198 inscribuntur,
656 2124 839 2187 demanasse.

234 2228 339 2310 Capite
354 2227 419 2292 XII
438 2246 494 2309 quo
513 2228 570 2290 iter
584 2229 670 2291 Arati
685 2230 723 2291 ad
740 2230 956 2305 Ptolemaeum,
974 2236 1010 2292 ut
1027 2249 1093 2293 eum
1108 2235 1292 2292 commoveat

129 2333 168 2395 ad
186 2332 340 2416 Sicyonem
360 2334 484 2417 pecunia
502 2335 712 2415 adjuvandam,
734 2347 884 2412 narratur,
908 2356 955 2400 res
973 2337 1103 2418 singulae
1121 2346 1182 2399 tam
1200 2354 1289 2398 accu-

128 2545 294 2613 expugnatio
314 2543 437 2614 Sicyonis
456 2549 485 2598 et
503 2543 626 2599 Corinthi
644 2545 807 2615 continetur,
831 2563 848 2601 a
869 2544 1065 2601 commentariis
1087 2544 1236 2616 abjudicat,
1260 2552 1289 2602 et

127 2633 184 2688 loco
208 2631 312 2703 Polybii
330 2634 381 2702 IV,
405 2637 422 2689 8
444 2639 604 2701 commotus,
629 2649 708 2702 quem
731 2650 784 2689 non
807 2638 879 2688 recte
901 2633 1030 2703 percepit,
1054 2633 1090 2688 ad
1107 2633 1288 2705 Phylarchum

127 2737 159 2776 ca
177 2721 322 2779 revocavit.
358 2720 432 2775 Dicit
449 2726 539 2776 autem
557 2721 636 2780 haec:
661 2722 803 2792 ,Polybius
821 2723 891 2777 enim
910 2723 955 2778 ubi
978 2722 1196 2793 loculentissime,
1220 2739 1289 2793 quae

127 2810 175 2881 ,ab
188 2810 274 2864 Arato
291 2810 319 2863 in
338 2809 525 2878 expugnondis
539 2810 664 2881 Sicyone,
684 2811 832 2882 Mantinea,
852 2813 959 2867 Pellene
977 2811 1144 2880 maximeque
1160 2811 1289 2870 Corintho

129 2899 208 2968 ,data
229 2904 333 2969 essent,
352 2903 381 2952 et
398 2898 554 2954 calliditatis
572 2905 600 2953 et
618 2900 764 2968 patientiae
782 2904 811 2954 et
828 2900 957 2956 audaciae
975 2899 1120 2968 specimina
1141 2907 1287 2973 enumerat,

126 3003 173 3057 ,ea
190 3004 243 3043 non
261 3003 295 3043 ex
312 2988 508 3042 commentariis
523 2988 667 3056 desumpta
678 3002 750 3056 esse,
770 2989 847 3059 dicit,
867 2989 915 3044 sed
933 3005 967 3044 ex
992 2981 1185 3070 ἱσορηκόσιν
1208 2984 1288 3054 κατὰ

130 3078 245 3162 ᾖμε’ρος
267 3079 378 3162 περίτε
399 3083 456 3166 τῆς
478 3081 641 3156 Σικυῶνος
668 3078 722 3144 καὶ
751 3081 951 3159 Μαντινείας
978 3080 1222 3173 καταλήψεως.
1246 3134 1254 3151 .
1278 3137 1286 3152 .

125 3185 175 3254 ,In
188 3183 230 3253 iis,
251 3182 432 3254 Phylarchum
447 3198 524 3237 suum
537 3188 670 3238 auctorem
685 3199 753 3255 esse,
774 3184 868 3256 Polyb.
881 3185 969 3241 dicere
981 3204 1034 3243 non
1046 3188 1147 3259 debuit,
1164 3190 1289 3260 quoniam

125 3271 199 3342 „ipse
216 3272 245 3326 in
263 3287 323 3326 eum
343 3270 578 3326 vehementissime
595 3273 719 3326 invectus
738 3274 802 3327 est.“
840 3273 893 3328 Sed
911 3276 968 3332 loco
981 3276 1086 3348 Polybii
1102 3277 1168 3333 nihil
1187 3294 1287 3350 eorum,

124 3376 195 3430 quae
207 3360 242 3415 K.
261 3360 376 3429 intelligi
393 3361 492 3429 voluit,
512 3360 672 3418 continetur.
710 3361 801 3430 Neque
817 3363 899 3432 enim,
918 3379 987 3433 quae
1005 3364 1038 3420 de
1057 3364 1180 3437 Sicyonis
1197 3372 1226 3422 et
1238 3369 1287 3426 Co

125 3448 211 3504 rinthi
231 3450 432 3518 expugnatione
456 3456 707 3520 commemorantur,
731 3465 747 3504 e
765 3453 962 3508 commentariis
983 3470 1037 3508 uon
1054 3455 1182 3525 repetita,
1200 3471 1287 3526 neque

125 3538 161 3593 ad
184 3538 252 3594 alios
275 3538 418 3606 scriptores
441 3538 594 3593 revocanda
615 3554 688 3608 csse,
711 3538 839 3609 Polybius
861 3540 955 3599 voluit.
991 3543 1059 3599 llam
1076 3535 1286 3625 ἱστορηκότες

127 3619 207 3686 κατὰ
228 3621 328 3704 μέρος
349 3627 395 3696 qui
419 3631 552 3681 vocantur
574 3632 639 3681 sunt
660 3627 691 3696 ii,
718 3627 764 3696 qui
790 3627 817 3682 in
842 3627 922 3684 rebus
945 3630 1059 3700 singulis
1086 3633 1286 3702 perscrutandis

128 3719 229 3775 versati
246 3723 318 3777 sunt.

233 3807 382 3876 *Droysen
394 3805 437 3858 ΠΙ
449 3818 475 3870 p.
488 3806 540 3860 343
552 3803 609 3863 illa:
629 3797 747 3880 καίπερ
771 3795 937 3881 συμβολὰς
958 3801 1002 3887 τῷ
1024 3809 1126 3891 nourry?
1140 3799 1284 3886 μεγάλας

127 3885 273 3967 δεδοικώς
289 3883 496 3973 (ὀἍρατος),
516 3908 586 3962 quae
604 3901 714 3950 exstant
731 3898 785 3967 XI,
804 3901 833 3967 3,
857 3914 910 3954 nou
933 3905 1005 3955 recte
1027 3901 1219 3970 interpretatus
1241 3907 1285 3957 cst

126 3984 231 4044 dicens:
250 3988 364 4042 Aratum
381 3988 409 4041 iu
429 3981 546 4042 conciliis
564 3999 636 4038 nova
653 3989 681 4038 et
699 3986 813 4053 grandia
825 3987 935 4042 consilia
948 3990 1127 4058 proposuisse.
1139 4021 1172 4031 -
1186 3990 1285 4046 Nostra

124 4073 161 4130 ad
188 4073 271 4130 verba
298 4063 521 4154 sequentianno
548 4061 651 4130 §acroi
674 4061 774 4147 δόξαν
801 4067 932 4156 καὶτῆς
960 4070 1115 4156 πατρίδος
1144 4066 1283 4155 δύναμιν

123 4163 260 4234 pertinent
278 4165 370 4234 eisque
387 4164 519 4220 attributa
537 4171 609 4221 sunt.
1155 4160 1162 4171 “
