2856 4574
603 170 822 247 „44-

127 370 303 453 reipublicae
335 378 467 450 tempora
500 377 692 432 reservarent.
738 369 812 428 Tum
857 370 930 448 [cnm
965 367 1085 446 conjuge
1117 374 1147 428 et
1182 367 1298 449 liberis]

130 476 298 559 Aegyptum
320 477 359 538 ad
384 475 585 538 Ptolemaeum
612 475 807 555 proficiscitur,
837 495 854 536 a
885 493 941 554 quo
970 474 1123 535 honorifice
1154 483 1300 554 exceptus

129 583 179 646 din
216 583 245 644 in
279 602 395 645 summa
429 581 595 661 dignatione
628 581 707 660 regis
742 581 829 656 vixit3
863 588 1011 659 postremo
1040 589 1107 659 post
1133 580 1301 643 Ptolemaei

127 697 251 751 mortem
280 708 299 750 a
331 688 390 749 filio
423 688 485 768 ejus
518 708 583 749 curn
618 687 696 748 omni
730 687 840 749 familia
867 683 1066 747 interficitur.*
1121 685 1300 762 Antigonus

129 805 228 858 autern
240 843 353 859 ......
379 797 524 856 lortunam
548 803 650 856 tantae
675 795 754 855 urbis
783 794 937 855 miseratus
960 813 978 854 a
1002 792 1164 871 direptione
1185 794 1303 858 milites

129 902 276 983 prohibuit
297 901 468 983 veniamque
490 901 536 963 his
559 901 608 982 qui
630 902 838 981 superfuerunt,
861 900 974 961 dedit.“

235 1044 295 1106 Res
317 1043 441 1106 traditas
462 1041 571 1104 similes
586 1042 661 1105 inter
676 1062 708 1103 se
726 1061 801 1115 esse,
827 1039 1046 1120 comparatione
1064 1042 1303 1105 demonstratum

131 1158 184 1212 est.
231 1149 390 1230 Propterea
413 1148 491 1229 quod
518 1147 625 1210 similia
653 1158 722 1210 snut
744 1167 849 1228 genera
872 1147 1017 1208 scribendi
1032 1155 1062 1207 et
1077 1148 1191 1210 dicendi
1209 1158 1303 1230 atque

132 1256 258 1331 colores,
286 1292 329 1302 —
359 1256 436 1335 quod
471 1255 500 1315 in
533 1265 638 1316 neutra
670 1254 838 1316 narratione
871 1253 979 1314 indicia
1010 1261 1080 1315 sunt
1106 1275 1182 1335 quae
1213 1255 1303 1318 alteri

130 1363 264 1438 obstant,
287 1362 459 1443 Pompejum
475 1361 601 1440 Trogum
617 1360 786 1442 Phylarcho
802 1380 886 1422 usum
902 1378 979 1432 esse,
1001 1361 1076 1440 quod
1088 1361 1151 1440 janr
1167 1362 1302 1427 lleeren:

131 1469 199 1545 „De
222 1469 310 1550 Trogi
333 1467 454 1547 Pompei
480 1466 628 1529 fontibus“
661 1467 776 1530 Comm.
800 1465 899 1528 Societ
936 1465 1061 1545 Gotting
1082 1464 1147 1529 XV
1175 1488 1205 1548 p.
1236 1465 1300 1534 185

129 1574 218 1650 dixit,
236 1575 412 1656 judicamus.
436 1611 479 1619 -

235 1698 309 1761 Cum
320 1697 483 1761 Cleomenis
500 1697 644 1777 capitibus
656 1694 1005 1760 XXXV—XXXVIII
1020 1705 1088 1760 sunt
1100 1703 1304 1779 comparanda

130 1804 247 1888 Polybii
269 1804 356 1885 capit.
380 1803 420 1877 V,
446 1799 588 1866 35-39.
634 1804 734 1865 Etiam
757 1805 811 1866 hoc
839 1805 900 1865 loco
924 1823 960 1865 ex
988 1805 1124 1867 maximis
1151 1807 1302 1870 similitu-

132 1910 247 1973 dinibus
271 1931 417 1973 summam
441 1911 611 1972 affinitatem
634 1911 803 1972 concludere
826 1928 989 1989 possumus.
1035 1911 1094 1974 Sed
1113 1931 1202 1992 quum
1221 1914 1302 1976 Plu-

134 2016 253 2080 tarchus
281 2017 415 2080 omnibus
443 2017 514 2079 locis
537 2016 633 2097 plures
656 2036 702 2078 res
726 2017 840 2091 afferat,
868 2037 955 2098 quam
978 2017 1118 2098 Polybius
1146 2027 1176 2079 et
1204 2021 1301 2082 multo

132 2121 294 2201 diligentins
304 2133 412 2197 narret,
430 2143 500 2186 usus
512 2131 610 2185 autern
626 2123 744 2186 alterius
760 2123 847 2186 fontis
863 2144 918 2185 non
930 2132 1124 2203 cognoscatur,
1141 2134 1301 2210 utrumque

132 2238 283 2291 auctorem
315 2231 414 2292 eodem
446 2235 526 2292 tonte
556 2222 639 2292 usum
672 2251 750 2308 esse,
792 2231 944 2292 verisimile
969 2240 1026 2304 est,
1054 2249 1113 2310 qua
1135 2251 1166 2293 re
1191 2235 1300 2311 multa,

133 2354 207 2415 quae
229 2335 406 2417 seripserunt
429 2345 595 2416 congruunt.

239 2478 379 2540 Extrema
401 2497 472 2558 pars
494 2478 582 2541 Arati
606 2478 684 2539 vitae
707 2479 745 2539 ad
769 2477 925 2561 Polybium
947 2479 1113 2541 revocanda
1137 2487 1188 2541 est.
1236 2481 1300 2544 Sed

133 2582 183 2646 ubi
210 2583 370 2647 Plutarcho
398 2584 460 2665 ejus
489 2585 644 2666 descriptio
672 2584 837 2662 diligentior
864 2592 941 2659 erat,
966 2605 1021 2646 non
1050 2585 1155 2646 referre
1182 2586 1300 2652 videtur

132 2688 187 2751 nisi
216 2710 359 2752 summam
390 2711 405 2752 e
434 2692 587 2766 memoria,
614 2692 696 2754 velut
719 2692 815 2772 capite
836 2689 973 2766 XLVII,
1005 2692 1080 2773 quod
1107 2711 1153 2753 res
1183 2696 1294 2772 reddit,

133 2813 205 2875 quas
232 2796 373 2878 Polybius
395 2795 454 2871 IV,
482 2797 603 2874 3—1v,
636 2798 678 2862 19
704 2806 821 2862 tractat.
867 2796 902 2860 In
931 2808 1061 2861 extremo
1089 2799 1186 2878 capite
1215 2802 1292 2864 Plu-

130 2901 252 2964 tarchus
285 2923 317 2964 se
348 2910 411 2965 toto
439 2904 535 2966 animo
562 2906 719 2968 abhorrere
753 2907 791 2967 ab
825 2895 992 2967 infirrnitdte
1015 2905 1198 2982 Acheorum,
1234 2929 1294 2990 qua

131 3010 401 3085 commovebantur,
424 3019 457 3072 ut
471 3010 638 3091 Philippum
657 3011 761 3072 iterum
785 3012 813 3073 in
835 3031 881 3073 res
899 3012 1088 3091 Peloponnesi
1104 3014 1292 3092 deducerent,

132 3114 231 3177 verbis
254 3117 406 3196 expremit.
452 3120 552 3197 Atque
580 3136 644 3178 cum
673 3116 767 3179 minus
795 3117 946 3197 diligenter
967 3119 1046 3179 fonte
1075 3139 1127 3181 suo
1151 3130 1289 3197 uteretur,

128 3241 186 3283 noa
208 3240 239 3282 re
261 3222 377 3284 erravit.
423 3223 500 3285 Nam
522 3224 596 3285 inter
618 3224 747 3302 regiones
766 3223 804 3285 ab
820 3222 935 3286 Aetolis
957 3225 1128 3286 devastatas
1152 3227 1286 3307 appellat

132 3325 221 3389 etiam
251 3328 379 3410 Dymen,
411 3329 487 3409 quod
515 3329 651 3410 oppidum
680 3331 744 3413 (cfr.
769 3329 863 3411 Polyb
885 3328 943 3403 IV,
968 3330 988 3393 6
1012 3329 1072 3411 sq.)
1100 3330 1214 3393 illorum
1239 3334 1289 3396 iti-

131 3451 198 3495 nere
225 3452 244 3494 a
272 3433 470 3513 promunturio
497 3435 620 3498 Rhionis
647 3436 753 3497 Patras
780 3437 910 3510 Pharas,
940 3437 1101 3516 Phigaliam
1128 3441 1203 3499 facto
1235 3460 1292 3502 non

130 3547 295 3602 contactum
318 3548 372 3603 est.
417 3541 611 3623 comparandi
635 3562 722 3604 causa
742 3543 836 3624 Polyb
859 3542 914 3618 IV,
939 3542 999 3618 3,3.
1020 3542 1069 3605 IV
1072 3593 1078 3605 .
1105 3541 1154 3618 l,8
1178 3567 1221 3627 sq.
1248 3547 1291 3609 rei

237 3758 370 3814 *Oleum
388 3757 472 3811 XXX
487 3751 529 3816 ‘0
551 3749 588 3819 δὲ
602 3747 788 3836 Ἀντίγονος
811 3751 844 3832 ἐξ
867 3750 991 3837 ἐφόδου
1014 3751 1207 3838 παραλαβών
1229 3754 1292 3846 τήν

130 3840 229 3912 πόλιν
256 3847 309 3913 καὶ
332 3847 541 3937 χρησάμενος
568 3855 637 3928 τοῖς
664 3853 940 3935 Λακεδαιμονίοις
967 3849 1208 3935 φιλανθρώπως
1237 3855 1293 3920 καὶ

131 3951 167 4019 cd
192 3951 316 4038 ἀξίωμα
342 3957 401 4044 τῆς
423 3954 574 4046 Σπάρτης
602 3953 643 4024 ori
670 3959 920 4047 προπηλακίσας
948 3952 1016 4023 orid'
1044 3955 1212 4042 ἐνυβρίσας
1230 4008 1238 4024 .
1256 4009 1289 4025 ..

130 4057 347 4153 ἀνεχώρησεν.
