2856 4574
614 212 811 276 -9-

129 408 284 483 consentit,
312 409 390 489 apud
417 408 595 490 Polyaenum
622 407 683 483 IV,
717 407 757 471 61
788 406 959 470 invenimus.
1006 406 1088 477 Quas
1115 408 1296 470 narrationes

129 516 155 576 si
182 514 400 589 contulerimus,
433 535 578 577 summum
612 534 675 576 esse
703 534 872 577 consensum
901 521 931 575 et
957 534 1053 576 rerum
1082 523 1111 575 et
1142 515 1297 577 verborum

130 621 331 700 intelligemus.
378 620 439 682 Sed
461 640 518 682 uno
540 621 604 683 loco
630 621 797 703 Polyaenus
824 621 889 700 plus
912 620 1017 694 tradit,
1050 621 1101 682 ubi
1125 622 1210 687 haee:
1233 623 1296 685 snio

129 726 285 810 φυλακῶν
307 723 383 808 περὶ
409 721 469 813 τήν
497 721 679 812 πανήγυριν
710 721 965 807 ἀσχολουμένων
999 725 1051 791 καὶ
1078 728 1162 791 θέαν
1193 747 1298 791 κατει-

130 830 301 920 ληφότων,
330 852 407 914 quae
434 834 511 914 aqud
540 833 732 896 Plutarchum
756 834 969 898 desiderantur.

239 976 358 1039 Dictum
382 963 481 1036 autem
502 974 573 1036 illud
591 975 619 1037 in
634 976 690 1038 fine
706 995 770 1054 cap.
787 973 884 1038 XVlI
900 975 1059 1038 Plutarcho
1078 977 1299 1040 attribuendum

132 1092 185 1146 est.
211 1119 254 1129 -
277 1083 376 1163 Atque
399 1081 430 1142 in
457 1099 482 1143 c.
509 1078 623 1144 XVIH
651 1082 827 1144 Plutarchus
849 1083 887 1163 ad
917 1087 984 1144 eum'
1010 1084 1134 1158 fontem,
1161 1104 1246 1165 quern
1271 1085 1299 1146 in

132 1211 157 1253 c.
186 1188 250 1252 XV
255 1191 265 1250 l
295 1187 425 1269 reliquit,
457 1188 543 1250 redit.
589 1189 736 1250 Narratur
759 1196 871 1263 autern,
899 1189 1042 1269 quomodo
1074 1191 1233 1253 Corinthus
1260 1192 1298 1252 ab
1385 1190 1387 1195 ’

131 1298 227 1360 Arato
251 1306 340 1376 capta
362 1293 409 1356 sit.
457 1295 525 1356 Jam
550 1315 618 1356 vero
642 1295 669 1356 in
693 1294 803 1374 impetu
826 1296 864 1355 ab
882 1296 977 1357 Arato
1000 1297 1076 1357 facto
1101 1316 1147 1359 res
1168 1297 1299 1391 singulae

130 1414 192 1466 tam
219 1410 352 1464 accurate
375 1401 591 1475 describuntur,
615 1408 660 1476 ut,
684 1400 751 1481 quin
773 1421 821 1462 res
837 1420 853 1462 e
868 1403 1082 1465 commentariis
1096 1404 1205 1484 petitae
1229 1404 1298 1477 sint,

132 1511 267 1572 dubitare
293 1527 350 1570 non
382 1507 537 1587 possimus.
582 1508 716 1583 Accedit,
752 1508 830 1588 quod
861 1507 882 1569 ii
908 1509 1105 1586 nominantur,
1138 1510 1186 1592 qui
1217 1519 1301 1573 eraut

132 1617 212 1678 haud
235 1614 331 1692 magni
356 1613 496 1675 momenti
519 1614 643 1676 adrem
666 1615 881 1694 perficiendam,
904 1615 955 1676 sed
970 1614 1018 1695 qui
1034 1619 1207 1679 necessitate
1222 1637 1299 1699 qua-

133 1724 204 1785 dam
229 1741 293 1784 cunr
309 1720 405 1782 Arato
429 1720 571 1800 conjuncti
594 1730 691 1794 erant,
714 1720 815 1801 quales
831 1730 899 1783 sunt
913 1721 1065 1797 Technon,
1088 1744 1188 1787 servus
1205 1727 1302 1799 Arati,

132 1829 181 1911 qui
194 1831 257 1910 jam
275 1847 339 1908 cap.
355 1825 388 1888 V
406 1827 574 1890 nominatus
593 1834 651 1902 est,
674 1827 798 1908 Erginus
814 1829 1029 1890 mercennarius
1043 1827 1156 1911 Syrius,
1174 1831 1300 1906 Diocles,

133 1935 306 2017 Dionysius,
334 1932 443 2014 Aegias
471 1933 636 2014 negotiator
663 1933 759 1997 Arati.
808 1935 855 1996 Ex
879 1936 1060 1997 enarratione
1088 1955 1156 1997 vero
1184 1939 1301 2000 temeri-

132 2043 204 2104 tatis
232 2041 410 2114 Technonis,
439 2060 525 2120 quam
554 2042 590 2103 ob
618 2061 678 2102 rem
702 2042 830 2103 Aratum
852 2041 946 2122 ipsum
974 2040 1172 2122 objurgantem
1200 2045 1300 2106 audire

133 2149 216 2210 nobis
248 2149 392 2222 videmur,
426 2166 460 2208 ea
493 2148 589 2210 omnia
622 2148 660 2209 ad
693 2147 915 2211 commentarios
946 2149 1095 2210 referenda
1123 2166 1187 2211 esse
1217 2151 1301 2213 facile

133 2255 312 2334 intelligitur.
359 2254 418 2316 Sed
447 2254 503 2316 huo
534 2274 591 2316 non
619 2253 745 2334 pertinet
773 2273 796 2316 o.
825 2251 907 2317 XIX
934 2273 953 2314 a
981 2273 1065 2316 versu
1093 2255 1112 2319 8
1141 2276 1231 2337 usque
1263 2258 1301 2318 ad

133 2364 233 2436 finem,
273 2381 330 2442 quo
362 2360 566 2441 contemplatio
603 2361 752 2423 Plutarchi
789 2362 827 2423 de
867 2360 1045 2423 liberalitate
1088 2371 1118 2423 et
1163 2364 1302 2441 superbia

134 2469 222 2530 Arati
257 2469 434 2542 continetur,
469 2487 554 2548 quem
594 2487 659 2530 eum
694 2467 898 2548 Epaminonda
931 2474 960 2529 et
992 2467 1142 2530 Phocione
1177 2469 1301 2545 confert,

134 2595 190 2657 quo
214 2574 307 2654 magis
330 2593 396 2636 eum
425 2575 548 2636 extollat
575 2572 643 2660 (cfr.
671 2572 736 2648 VI,
769 2573 811 2638 10
835 2583 863 2636 et
885 2571 1014 2650 XXIV,
1047 2572 1092 2654 8).
1125 2609 1166 2621 -
1202 2576 1303 2656 Atque

134 2702 159 2745 c,
193 2702 217 2745 o.
253 2679 333 2743 XXI
367 2689 397 2742 et
427 2679 525 2744 ΧΧΠ
559 2681 739 2762 expugnatio
777 2681 911 2745 Corinthi
926 2664 928 2669 ¹
943 2689 1005 2744 tam
1041 2688 1178 2745 accurate
1213 2702 1300 2763 quam

133 2810 180 2852 res
207 2796 293 2850 autea
330 2796 431 2866 gestae
457 2796 605 2862 narratur,
640 2808 715 2868 quae
744 2788 871 2851 narratio
901 2789 939 2850 ab
968 2790 1063 2850 Arato
1097 2789 1299 2868 proficiscitur.

91 2973 97 2986 ι
133 2897 214 2958 Nam
238 2914 304 2975 spes
327 2902 462 2969 eventus,
489 2903 584 2957 metus
611 2895 673 2976 ejus
699 2895 728 2958 iu
756 2916 787 2957 re
814 2895 1010 2976 suscipienda,
1032 2914 1147 2957 summa
1172 2895 1300 2958 omnium

134 3021 230 3064 rerum
252 3001 298 3062 vel
321 3001 506 3064 minimarum
529 3001 650 3063 intentio
665 3010 727 3064 tam
743 3002 893 3083 perspicue
907 3003 936 3063 in
953 3001 1134 3064 enarratione
1150 3002 1303 3065 Plutarchi

134 3100 300 3182 cernuntur,
323 3116 356 3170 ut
380 3108 603 3170 commentarios
627 3127 693 3170 eum
718 3116 849 3172 secutum
872 3128 934 3172 esse
958 3109 1120 3190 putandum
1144 3109 1191 3170 sit.
1238 3110 1302 3171 Ex-

136 3214 320 3296 pugnatiouis
344 3222 441 3279 autem
464 3215 598 3278 Corinthi
619 3234 733 3297 qnoque
756 3216 834 3298 aqud
857 3215 1040 3298 Polyaenum
1062 3212 1125 3288 VI,
1150 3213 1171 3278 5
1194 3235 1299 3277 narra·

133 3321 242 3383 tionem
257 3322 433 3386 invenimus.
470 3321 632 3402 Equidem,
645 3342 710 3384 cum
719 3322 887 3405 Polyaenus
896 3324 954 3384 lere
967 3321 1068 3384 iisdem
1083 3321 1181 3383 verbis
1192 3330 1299 3398 utatur,

134 3428 285 3490 Woelflini
308 3429 499 3503 sententiam,
524 3448 542 3490 a
565 3429 723 3492 Plutarcho
746 3448 814 3491 eam
837 3428 1040 3508 depromptam
1063 3447 1141 3502 esse,
1166 3426 1298 3510 sequor*

134 3605 346 3615 ..-—--——

239 3707 256 3742 *
280 3708 372 3776 Eugae
401 3707 520 3775 Persaei,
554 3723 635 3776 quom
664 3707 781 3777 legimus
812 3706 885 3775 apud
913 3706 1098 3776 Plutarchum,
1128 3707 1300 3777 Polyaenum,

135 3797 308 3866 Hermippum
321 3795 464 3867 (Athenae.
501 3798 544 3852 IV
562 3813 589 3866 p.
610 3801 660 3854 162
677 3798 698 3852 t>
711 3819 747 3845 z
759 3795 867 3854 Edller:
886 3795 976 3865 Ergm.
994 3797 1038 3851 ΙΠ
1056 3799 1090 3854 52
1104 3794 1165 3864 frg.)
1183 3796 1299 3864 obsistit,

134 3887 207 3955 qood
222 3887 369 3940 Pausanias
387 3887 428 3954 II,
448 3885 465 3938 8
478 3885 570 3940 tradit.
606 3885 702 3944 Zeller:
722 3884 894 3952 Philosophie
907 3885 955 3939 der
968 3884 1100 3940 Griecheu
1112 3886 1168 3953 III,
1190 3889 1204 3940 1
1224 3900 1252 3952 p.
1265 3888 1299 3941 34

134 3975 317 4045 quaestionem
338 3976 365 4028 in
385 3973 471 4028 medio
494 3974 622 4044 relinquit
666 3973 810 4043 Equidem,
834 3989 894 4027 cum
918 3973 1054 4041 complura
1079 3973 1232 4028 testimonia
1254 3973 1299 4028 ob-

134 4063 246 4133 sistant,
275 4063 423 4119 Pausaniae
442 4063 575 4134 judioium
597 4080 650 4120 non
673 4061 857 4131 accipiendum
880 4076 940 4116 esso
962 4075 1049 4131 neque
1072 4077 1183 4130 nsquam
1208 4062 1299 4131 negle-

134 4152 254 4225 gentiam
272 4152 331 4226 ejus
350 4149 456 4208 sachius
473 4167 553 4222 posse
569 4151 711 4224 cognosci,
730 4156 806 4221 puto.
