2856 4574
602 164 920 250 -eo'-.

131 382 275 446 rationem
300 380 368 443 belli
391 377 509 462 gerendi
533 382 575 443 rei
598 381 731 463 publicae
754 381 921 463 Spartanae
943 383 1142 446 contentiones
1160 402 1295 463 magnam
1367 388 1372 399 “

129 489 190 553 vim
216 487 379 551 habuerint.
425 487 498 567 (etr.
515 488 624 551 Cleom.
648 489 692 563 V,
715 488 744 551 2.
778 487 839 564 IV,
863 488 893 552 3.
931 487 995 563 VI,
1019 487 1064 572 1.)
1110 489 1193 550 Bello
1209 491 1295 551 ducto
1330 491 1331 495 ’
1359 480 1363 489 ’

128 597 245 660 Aratus
268 613 387 675 sperare
409 600 529 675 poterat
551 595 709 658 tactionum
732 595 831 658 odium
853 605 979 670 anuum,
1001 596 1185 658 adversarios
1208 596 1296 661 Cleo-

128 701 223 766 menis
246 701 466 763 corroboratum
489 700 532 764 iri.
576 700 690 764 Bellum
717 711 817 764 autem
845 702 976 764 celeriter
1002 710 1032 763 et
1059 712 1160 782 aperte
1182 712 1295 782 gestum

129 807 262 872 Achaeis
285 806 478 888 periculosum
496 807 560 876 fieri
581 827 699 871 necesse
713 817 791 883 erat,
813 808 876 872 sire
891 809 966 890 quod
982 808 1064 872 clade
1083 808 1294 883 alliciebantur,

131 915 197 977 sive
220 914 294 996 quod
316 913 456 976 factiones
480 913 608 994 Spartae
634 914 756 976 victoria
782 916 1031 996 conjungebantur
1063 925 1165 978 contra
1193 915 1296 977 loedus

135 1021 306 1085 Achaicum.
354 1019 441 1091 Quod
464 1021 553 1100 igitur
575 1021 665 1083 semel
684 1029 775 1101 atque
797 1021 903 1084 iterum
918 1022 1061 1096 Aratum,
1084 1041 1121 1082 ne
1143 1030 1295 1102 pugnaret,

132 1145 297 1201 recusasse,
319 1126 496 1200 ostenditur,
520 1146 575 1189 non
601 1127 739 1189 miramur
760 1145 856 1209 oeque
878 1128 1031 1204 habemus,
1054 1129 1131 1209 quod
1155 1148 1192 1190 er
1214 1147 1296 1190 com-

73 1224 83 1242 ⁰
133 1232 284 1296 rnentmiis
307 1232 499 1296 excutiamus.
517 1231 613 1295 —Si
637 1232 722 1294 Klatt
744 1233 990 1314 caputXXXV‚
1013 1237 1177 1316 quodcum
1201 1235 1296 1314 capite

129 1337 179 1404 IV
205 1338 372 1403 Cleomenis
400 1339 579 1410 consentiat,
607 1340 646 1401 ed
673 1337 876 1421 Phylarchum
903 1343 1097 1404 revocandum
1125 1360 1189 1404 esse
1218 1341 1297 1415 dicit,

129 1457 219 1510 errat.
266 1445 347 1511 Nam
370 1445 582 1508 diversissImos
603 1445 668 1508 illos
688 1445 768 1508 locos
790 1466 828 1510 ex
844 1448 958 1510 duobus
978 1447 1154 1510 adversariis
1170 1449 1296 1510 lontibus

130 1553 253 1616 haustos
280 1571 345 1616 esse
372 1561 501 1634 oportet,
531 1551 640 1617 Cleom.
666 1551 715 1614 IV
742 1573 778 1614 ex
812 1553 978 1636 Phylarcho
1009 1556 1096 1617 Aret.
1124 1552 1252 1617 XXXV
1280 1573 1296 1615 e

132 1659 351 1723 cornmeotariis
379 1666 413 1722 ut
434 1678 522 1739 supra
543 1659 819 1722 demonstravimus.
864 1661 968 1741 Neque
991 1661 1100 1734 minus,
1122 1681 1209 1742 qnam
1232 1680 1297 1741 cap.

132 1764 274 1843 XXXV,
302 1767 343 1828 ad
367 1765 568 1848 Phylarchum
590 1767 722 1828 revocari
744 1786 802 1829 non
824 1774 921 1848 potest
943 1785 1007 1846 cap.
1029 1765 1191 1841 XXXVI,
1222 1767 1299 1847 quod

136 1895 152 1936 e
175 1873 390 1938 commentariis
412 1873 604 1946 demanasse,
628 1882 719 1935 etex
740 1874 836 1936 colore
859 1874 1049 1936 enarrationis
1072 1884 1102 1937 et
1125 1894 1163 1935 ex
1178 1873 1297 1953 singulis

133 1981 254 2056 nuntiis,
283 1979 334 2062 qui
357 1997 394 2041 ex
417 1978 521 2041 castris
545 1978 633 2041 Arati
655 1981 828 2056 allemntur,
854 1980 1032 2060 intelligitur.
1078 1979 1166 2051 Quod
1194 1979 1296 2042 relatio

132 2095 233 2151 nostra
261 2085 348 2148 valde
377 2084 508 2165 congruit
535 2103 600 2147 cum
624 2085 736 2150 Cleom.
764 2087 807 2163 V,
836 2085 871 2161 1,
900 2086 989 2149 etiam
1019 2087 1096 2149 hanc
1122 2095 1236 2168 partem
1259 2086 1297 2147 ad

133 2190 358 2256 commentarios
380 2191 575 2254 revocandam
599 2212 664 2254 esse
687 2193 790 2257 elucet.
836 2193 885 2256 Ac
906 2193 932 2255 si
948 2213 984 2255 ex
1001 2193 1169 2257 Cleomenis
1188 2212 1252 2272 cap.
1266 2190 1298 2254 V

134 2299 218 2361 illum
245 2297 354 2372 locuta
383 2297 432 2379 qui
458 2317 523 2360 curn
547 2297 637 2360 Arati
664 2319 727 2389 cap.
750 2298 894 2365 XXXVI
921 2300 1078 2374 consentit,
1110 2299 1299 2382 sejunximus,

137 2403 264 2486 reliquus
286 2412 331 2466 est
349 2404 467 2466 nuntius
483 2403 706 2484 Spartanorum.
752 2407 937 2489 Phylarchus
958 2406 988 2469 in
1006 2407 1062 2469 tine
1084 2406 1188 2487 capitis
1203 2406 1299 2468 norni-

137 2512 229 2574 natIm
263 2510 377 2573 citatur.
424 2510 485 2574 Sed
520 2520 636 2591 praeter
662 2514 860 2597 Phylarchuur
895 2534 915 2577 a
945 2532 1031 2575 versu
1061 2512 1197 2575 vicesimo
1235 2509 1298 2574 eice

134 2617 332 2692 πεισθέντος
356 2616 430 2680 alter
453 2617 544 2700 etiam
566 2619 630 2681 lons
653 2621 803 2683 adhibitus
827 2628 881 2683 est.
929 2617 999 2690 Qua
1021 2627 1104 2701 parte
1127 2619 1164 2681 de
1185 2616 1297 2681 Archi-

133 2727 235 2800 damo,
257 2726 348 2786 tratre
366 2723 470 2804 Agidis
492 2724 581 2804 regis,
603 2734 740 2788 revocato
762 2733 792 2787 et
808 2735 910 2789 necato
927 2726 1035 2808 agitur,
1058 2726 1142 2807 cujus
1161 2724 1296 2787 lacinoris

132 2832 321 2896 Cleomenem
340 2829 513 2910 participem
531 2850 587 2894 uon
606 2832 708 2907 luisse,
731 2832 915 2915 Phylarchus
929 2833 1051 2915 judicat.
1098 2833 1183 2895 Alter
1200 2838 1299 2894 autem

132 2941 199 3002 lons
213 2937 429 3000 Archidamum
449 2937 603 3001 Cleomene
626 2941 735 3001 sciente
757 2950 787 3002 et
809 2939 1009 3003 consentiente
1031 2940 1212 3002 interfectum
1235 2957 1300 3000 esso

133 3044 214 3107 dicit.
268 3045 368 3123 Atque
395 3044 576 3107 vPlutarchus
610 3045 640 3107 in
673 3046 890 3128 comparatione
927 3065 993 3109 cum
1025 3043 1168 3109 Gracchis
1201 3044 1246 3120 V,
1280 3044 1297 3107 1

133 3151 318 3215 Cleomenem
342 3161 468 3214 accusat.
516 3151 576 3215 Sed
604 3153 641 3214 ad
668 3151 740 3214 illud
768 3152 986 3234 dijudicandum
1009 3153 1097 3233 plana
1119 3171 1301 3233 summaque,

132 3258 191 3319 fide
222 3256 312 3336 digua
340 3260 473 3320 narratio
500 3257 617 3340 Polybii
643 3256 691 3337 V,
719 3256 760 3321 37
789 3267 820 3320 et
845 3258 939 3334 VIII,
971 3255 1028 3333 1,o
1055 3258 1223 3322 adhibenda
1252 3266 1299 3320 est

133 3383 191 3444 qua
207 3363 392 3426 Cleomenem
415 3365 451 3425 de
466 3364 647 3427 Archidamo
671 3366 836 3428 revocando
852 3366 945 3444 egisse
968 3364 1088 3426 consilio
1109 3364 1189 3427 illius
1205 3367 1298 3428 inter-

132 3470 246 3532 ficiendi
263 3469 464 3552 intelligitur,*
488 3472 516 3533 id
533 3473 609 3553 quod
626 3472 715 3534 etiarn
731 3473 817 3535 rebus
832 3470 906 3552 ipsis
921 3472 1061 3534 firmatur.
1108 3471 1297 3535 Cleomenem

135 3595 344 3606 -ι--ι-ι

239 3663 393 3720 *Valeton
411 3665 429 3723 1.
448 3662 464 3717 l.
484 3679 510 3732 p.
531 3667 582 3723 157
600 3662 748 3732 dubitavit,
771 3678 835 3717 num
858 3666 931 3717 recte
953 3667 1044 3718 namet
1061 3662 1189 3734 Polybius
1207 3668 1236 3732 5,
1262 3669 1296 3722 37

133 3754 212 3820 καθ’
231 3747 271 3820 δν
288 3749 327 3818 δὲ
347 3751 461 3838 καιρόν
474 3753 672 3837 Ἀρχίδαμος
687 3753 723 3819 ἐκ
742 3755 801 3843 τῆς
821 3749 974 3842 Σπάρτης
996 3750 1094 3839 ἔφυγε
1109 3757 1220 3832 δείσας
1240 3753 1297 3820 τόν

132 3851 335 3942 Κλεομένην,
350 3858 487 3914 dubitavit
504 3875 557 3915 nou
575 3859 628 3914 alia
646 3874 728 3914 eausa
745 3865 905 3928 commotus,
925 3858 977 3914 nisi
998 3859 1071 3928 quod
1089 3859 1248 3914 Plutarchus
1267 3859 1301 3913 de

132 3947 294 4003 Archidamo
313 3948 463 4005 Cleomenis
487 3949 650 4019 temporibus
673 3949 787 4017 Spartae
804 3955 930 4005 versante
960 3949 1026 4004 nihil
1049 3949 1197 4007 tradiderit.
1234 3950 1301 4006 Cou-

131 4036 267 4092 elusiones
286 4052 321 4092 ex
339 4038 446 4095 silentio
463 4038 599 4095 Plutarchi
623 4037 730 4094 minime
753 4043 833 4106 aptae
855 4044 932 4108 sunt,
956 4054 1026 4108 quae
1043 4038 1199 4109 credantur,
1223 4053 1298 4109 proe-

132 4126 228 4184 sertim
247 4140 308 4182 cum
325 4126 407 4183 cerda
424 4127 526 4184 anubis
545 4127 650 4203 Polybii
667 4126 838 4186 adversariae
856 4127 918 4186 siut
937 4158 972 4174 -
