2856 4574
604 191 826 259 „39-

84 454 88 465 ,
126 393 192 457 loco
211 397 277 452 tam
300 393 438 451 accurata
461 387 636 451 detrimenta
658 389 721 469 ejus
748 391 847 454 refert.
893 385 1200 454 Coloreaarrationis
1224 387 1302 470 (Clr.

84 480 101 541 ἶ·
131 488 299 585 φοβηθεὶς
321 489 545 582 artacaeon
565 489 614 582 μή
637 493 669 559 oi
690 494 853 577 πολέμιοι.
873 531 917 544 -
937 494 1110 577 πορθῶσνν
1125 487 1232 571 rideris
1244 489 1306 582 urio

84 590 88 677 f
132 593 336 688 Λακωνικῶν
364 597 418 664 καὶ
444 599 667 685 πολιορκῶοιν
694 595 754 689 τήν
781 597 949 690 Σπάρτην)
981 610 1011 667 et
1041 601 1197 685 imprimis,
1229 601 1306 684 quod

84 730 92 789 ?
128 719 272 776 narratur
300 706 488 770 Cleomenem
515 707 684 771 Corinthios
710 709 844 772 fefellisse
870 707 1073 784 mentientem,
1107 708 1198 790 Argis
1232 707 1307 772 nihil

128 815 251 899 gravius
274 812 434 888 accidisse,
456 814 508 877 sed
530 833 583 896 per
605 833 716 895 paucos
738 816 897 879 admodum
919 833 1042 896 pomam
1056 813 1306 896 perturbationem

131 925 244 987 laetam
268 940 346 994 esse,
370 919 558 984 verisimilius
581 922 619 984 ad
642 920 813 984 relationem
836 921 1018 986 inimicorum
1041 920 1207 986 Cleomenis
1227 922 1305 984 rele-

138 1029 260 1093 reudum
282 1026 356 1091 mihi
378 1027 502 1091 videtur.

239 1133 328 1198 Arati
352 1141 441 1216 caput
462 1133 571 1199 XLIII
602 1154 693 1217 usque
719 1135 757 1197 ad
780 1153 896 1198 versum
924 1134 1057 1218 quintum
1084 1133 1135 1198 ubi
1162 1134 1237 1198 haee
1266 1123 1307 1198 oi

134 1236 225 1307 naiso
250 1263 280 1304 τι
310 1240 446 1325 θαρρῶν
474 1249 504 1304 et
531 1249 621 1323 caput
646 1239 756 1305 XLIV
782 1248 820 1304 ut
846 1260 936 1323 supra
964 1240 1091 1305 diximus
1116 1240 1234 1304 mdam
1260 1257 1308 1303 res

135 1348 239 1413 eadem
266 1347 379 1411 ratione
407 1348 568 1430 eodemque
595 1348 689 1430 colora
719 1348 842 1412 tradunt
870 1367 905 1411 ac
929 1347 1094 1412 Cleomenis
1111 1346 1218 1430 capita
1241 1342 1309 1410 XX

129 1463 162 1518 et
185 1451 270 1518 XXI
290 1472 359 1535 ergo
382 1455 421 1518 ad
444 1456 569 1518 eundem
599 1456 710 1518 iontem
731 1455 900 1518 revocanda
922 1462 1000 1519 aaut.
1047 1453 1110 1518 Sed
1131 1453 1196 1517 uita
1217 1452 1310 1517 Cleo-

131 1559 235 1625 menis
259 1579 314 1625 non
341 1561 446 1637 habet,
484 1581 560 1643 quae
591 1562 650 1626 siut
676 1560 786 1624 similia
818 1560 910 1643 capiti
940 1559 1048 1626 XLIII
1078 1560 1146 1625 inde
1174 1579 1195 1622 a
1218 1578 1308 1623 uaso

138 1665 242 1748 quinto
264 1686 352 1750 usque
367 1669 406 1731 ad
428 1669 530 1744 finem,
554 1688 629 1751 quae
645 1687 715 1749 pars
738 1667 828 1731 etiam
843 1667 910 1731 aliis
929 1669 1018 1732 rebus
1036 1667 1067 1732 in
1082 1664 1309 1732 commentarios

140 1771 288 1854 quadrare
312 1794 370 1838 non
401 1776 527 1838 videtur.
577 1775 723 1838 Narratur
755 1775 832 1837 euim
860 1773 990 1839 Aratum
1015 1773 1224 1839 Macedombus
1249 1789 1308 1836 aon

137 1879 278 1952 conlisum
310 1900 375 1944 esse
412 1901 568 1965 eorumque
600 1883 760 1945 adrentum
792 1879 855 1944 sine
888 1881 995 1946 timore
1023 1901 1080 1945 non
1110 1887 1308 1962 exspectasse.

136 1986 217 2053 Cum
250 1987 348 2052 Arato
382 1997 501 2052 auctore
526 1987 704 2054 Macedones
732 1987 871 2052 advocati
906 1995 1016 2065 essent,
1051 2008 1117 2054 eum
1144 1987 1244 2070 ipsum
1276 1984 1307 2049 in

130 2095 371 2172 commentariis3
401 2114 475 2178 qnos
503 2097 676 2178 scripserat,
705 2102 740 2159 ut
767 2115 813 2159 res
835 2114 856 2159 a
877 2103 1010 2176 regestas
1036 2095 1180 2177 imprimis
1200 2093 1306 2158 foedus

130 2223 200 2266 cum
230 2202 442 2266 Macedonibus
469 2204 560 2266 ictum
591 2202 771 2278 defenderet,
800 2210 901 2283 aperta
930 2200 1122 2278 concessisse,
1152 2220 1185 2265 se
1206 2198 1310 2264 Mace-

138 2308 267 2372 donibus
291 2328 348 2372 uon
371 2309 527 2386 confidere,
548 2310 599 2373 vix
621 2309 799 2374 crediderim.
879 2352 881 2358 -

239 2435 321 2496 Haec
343 2433 443 2496 verba:
471 2427 491 2497 ὁ
519 2433 539 2516 d
563 2429 753 2517 Ἀντίγονος
780 2424 824 2510 ῶς
849 2454 897 2509 τις
924 2424 1014 2520 οῶτρι·
1044 2425 1222 2515 προςιόντα
1249 2449 1308 2496 τον

135 2530 280 2624 ’Ἁροτον
310 2534 482 2624 ἔφρασε..
509 2540 608 2622 potius
636 2541 675 2603 ad
701 2559 783 2617 eum,
816 2540 864 2623 qui
894 2539 937 2604 illi
970 2537 1128 2604 couventui
1157 2546 1309 2621 spectator

136 2646 299 2724 intererat,
325 2647 494 2711 revocanda
520 2655 600 2711 sunt.
649 2647 789 2710 Fortasse
817 2655 920 2710 nostra
948 2665 986 2710 ex
1015 2646 1118 2710 eodem
1146 2648 1227 2710 lonte
1254 2644 1309 2708 da-

139 2773 292 2831 manasse,
315 2772 401 2837 quem
423 2752 602 2817 Plutarchus
624 2754 654 2817 iu
676 2753 775 2834 capite
796 2751 862 2817 XV
883 2754 973 2817 rebus
997 2753 1084 2816 aulae
1102 2750 1310 2815 Macedonicae

146 2857 344 2924 describendis
372 2859 563 2936 adhibuerat,
591 2860 778 2943 conjiciamus
804 2860 881 2925 licet.
905 2895 949 2907 -
971 2861 1073 2942 Atque
1098 2859 1196 2941 prima
1217 2857 1309 2922 rerba

147 2961 254 3042 capitis
286 2961 390 3029 XLIV
424 2967 601 3031 coutinentia
639 2975 707 3031 sunt
746 2966 805 3030 illis
835 2967 934 3033 verbis
966 2963 1097 3053 ἀπῆντο
1130 2958 1212 3049 μενῶ
1243 2962 1308 3030 τῶν

148 3067 356 3155 δημιουργῶν
378 3062 555 3155 δ”Λροτος
577 3066 663 3159 alep
684 3067 765 3138 nacci
785 3069 964 3140 θάλασσαν
986 3072 1033 3150 εἷς
1053 3069 1170 3162 Πηγὰς
1191 3065 1309 3137 taam

148 3168 229 3250 τούς
251 3173 430 3259 πολεμίους
450 3169 570 3257 XLIII,
592 3177 627 3257 b,
650 3199 707 3262 qua
729 3199 761 3243 re
783 3180 855 3244 item
878 3199 1110 3257 commovemur,
1138 3188 1172 3243 ut
1193 3187 1308 3261 purtem

141 3282 372 3347 intercedentem
405 3305 599 3352 secernamus.
627 3321 672 3335 —-
698 3287 726 3350 Ε
753 3289 969 3352 commentariis
994 3285 1071 3350 baec
1098 3285 1185 3349 etiam
1214 3285 1308 3348 verba

141 3386 263 3464 XLIV,
287 3381 482 3475 21Ἅρατος
504 3389 541 3457 δὲ
565 3388 740 3484 στρατηγός
762 3391 908 3479 αἱρεθεὶς
929 3388 987 3459 ὕπ’
998 3389 1154 3477 Ἀργείων
1175 3385 1308 3457 ἔπεισεν

144 3489 258 3574 amoris
271 3493 448 3583 Ἀντιγόνῳ
470 3493 544 3565 τιν’τε
565 3503 628 3564 τῶν
650 3497 816 3585 τυράννων
837 3498 974 3566 καὶτῶν
996 3496 1167 3585 προδοτῶν
1182 3491 1308 3582 δωρεῶν

144 3604 260 3671 dodoau
292 3604 403 3668 hausta
436 3624 499 3668 esse
525 3607 670 3670 videntur.
723 3608 837 3671 Deinde
864 3607 1041 3670 Plutarchus
1071 3606 1113 3669 ad
1144 3604 1308 3690 Phylarchi

144 3710 313 3776 relationem
341 3711 461 3786 transit,
488 3710 519 3772 id
548 3713 624 3795 quod
651 3715 832 3796 comparatio
858 3712 955 3794 partis
982 3721 1101 3776 nostrae
1129 3731 1195 3777 cum
1222 3713 1306 3792 lrgm.

143 3811 186 3880 52
207 3838 250 3878 ::
273 3816 382 3901 Polyb.
404 3815 451 3894 H,
473 3813 517 3882 59
541 3818 636 3882 docet.
681 3818 718 3885 In
741 3821 840 3902 capite
861 3816 976 3886 XLV*
1007 3817 1204 3884 enarrationis
1231 3817 1309 3882 color
1396 3886 1398 3890 ,

247 4027 263 4062 *
282 4029 315 4082 In
337 4023 435 4094 capih‘s
460 4029 538 4087 XLV
560 4045 642 4087 versu
663 4031 777 4087 XXXH
799 4028 909 4088 Curtius
929 4029 960 4088 in
982 4027 1051 4086 libro
1073 4028 1116 4084 oni
1138 4026 1306 4088 iumrihitur:

140 4126 373 4194 „Peloponneson
390 4129 406 4183 Ι
424 4143 451 4197 p.
469 4131 522 4187 268
540 4146 589 4201 pro
605 4124 761 4214 ’Λργειῶν
783 4132 861 4202 pouit
881 4120 1023 4208 Ἀχαιῶν
1045 4127 1104 4186 sine
1120 4125 1203 4185 dubio
1219 4126 1307 4184 titulis
