2856 4574
597 211 818 276 ..13-

126 408 160 463 nt
175 400 374 482 explorarent,
391 404 559 485 philosophi
575 406 722 469 studuisse
737 409 886 481 dicuntur,
910 415 944 471 ut
958 415 1026 471 sunt
1041 409 1201 472 arctissime
1217 431 1289 474 con·

123 507 305 588 junctarum
323 510 486 591 opprobriis
498 511 555 574 illis
570 513 675 593 capitis
687 511 829 577 XXVIII
846 523 876 576 et
890 512 923 580 X
939 514 1009 577 item
1025 536 1043 578 a
1058 514 1147 578 Dinia
1161 519 1290 596 proiecta

125 629 208 694 sunt;
217 635 309 696 neque
321 616 415 679 minus
425 636 490 678 cnm
500 618 678 681 cohaereant
687 640 753 682 cnm
763 622 839 684 dicto
850 621 908 698 illo,
917 622 993 703 qnod
1003 622 1292 687 snbfinechXIII

127 729 290 800 iuvenitur,
313 743 388 804 qnae
410 723 451 785 ibi
473 734 594 805 excepta
616 735 698 801 sunt,
722 728 760 790 ad
779 726 899 790 Diniam
922 732 1084 792 referantur
1100 750 1216 793 necesse
1234 740 1289 798 est.

231 835 333 914 Atque
356 830 450 911 capite
472 828 581 906 XXX,
609 837 752 914 quomodo
775 834 889 899 Aratus
915 835 944 896 in
968 835 1132 916 Lydiadem
1154 838 1289 918 Megalo-

125 942 286 1023 politanum
301 958 469 1020 progressus
484 939 530 1014 sit,
549 940 687 1004 traditur.
725 941 814 1013 Quod
830 949 918 1022 caput
934 962 970 1004 ex
986 943 1177 1005 enarrationis
1194 944 1290 1008 colore

125 1052 154 1113 in
198 1050 271 1111 duas
299 1054 397 1127 partes
426 1047 593 1109 dividimus.
640 1047 783 1111 Summae
814 1049 890 1111 euim
916 1049 1033 1122 laudes,
1065 1049 1168 1130 quibus
1195 1052 1291 1130 prima

125 1164 212 1238 parte
245 1152 395 1236 Lydiades
430 1152 593 1229 extollitur,
628 1157 705 1237 qnod
735 1156 921 1239 tyrannidem
956 1156 1138 1235 deposuerit,
1168 1155 1289 1221 Diniam

124 1272 275 1326 auctorem
310 1259 447 1322 indicant
504 1260 679 1325 Plutarchus
716 1272 813 1326 autern
854 1263 934 1325 dicit:
971 1260 1146 1348 καλλίστην
1183 1258 1290 1351 ὁρμήν

125 1361 410 1450 μεταβαλλόμενος
437 1370 566 1449 πρῶτον
597 1362 658 1448 μὲν
691 1364 808 1433 edendo
839 1365 1062 1451 ἐλευθερῶσαι
1092 1369 1211 1449 μίσους
1237 1371 1291 1436 καὶ

126 1471 235 1558 φόβου
253 1471 306 1539 καὶ
321 1474 467 1557 φρουροῖς
484 1470 536 1536 καὶ
550 1470 743 1557 δορυφόρων
761 1479 811 1540 cfr.
829 1496 850 1539 c.
866 1473 979 1538 XXVI
997 1476 1153 1539 Praeterea
1171 1485 1289 1559 propter

124 1583 200 1645 alias
217 1583 341 1644 virtutes
356 1580 484 1664 Lydiadi
504 1599 620 1642 summa
639 1582 703 1644 lans
723 1583 868 1647 tribuitur.
914 1584 959 1645 Ac
977 1582 1070 1645 altera
1088 1593 1172 1663 parte
1190 1603 1290 1648 omnes

125 1690 250 1751 virtutes
273 1690 312 1750 ab
336 1707 370 1750 eo
391 1687 566 1766 derogantur
584 1696 613 1749 et
631 1690 717 1751 iactis
738 1689 833 1752 malae
846 1709 952 1751 causae
966 1688 1164 1752 subiciuntur.
1209 1693 1288 1755 Nam

126 1796 155 1858 in
180 1795 315 1857 omnibus
338 1794 426 1856 rebus
454 1795 549 1856 studio
577 1815 663 1876 quam
692 1797 839 1859 celerrime
862 1797 989 1858 Aratum
1018 1795 1108 1873 gloria
1134 1799 1288 1877 superandi

125 1904 230 1965 ductus
264 1920 327 1963 esse
357 1900 472 1963 dicitur.
519 1901 564 1964 At
591 1904 702 1966 Aratus
731 1902 907 1965 describitur
940 1901 978 1977 is,
1009 1901 1058 1981 qui
1085 1901 1237 1966 calumniis
1260 1915 1289 1966 et

124 2010 250 2071 invidiae
274 2008 415 2089 Lydiadis
442 2007 588 2071 immerito
616 2010 766 2090 expositus
793 2009 842 2073 sit.
888 2007 1025 2071 Studium
1052 2027 1120 2070 vero
1144 2010 1288 2092 Lydiadis

126 2115 282 2191 minuendi,
296 2115 522 2194 augendiArati,
531 2114 628 2178 Arato
639 2117 695 2196 ipsi
710 2116 899 2179 obtrectatori
910 2113 1050 2198 Lydiadis
1065 2115 1287 2181 adscribendum

128 2231 181 2285 est.
233 2221 294 2284 Sed
327 2230 359 2284 nt
390 2222 574 2304 tyrannidem
606 2223 778 2303 deponeret,
809 2222 960 2305 Lydiades
988 2221 1146 2283 Plutarcho
1174 2223 1287 2287 duabus

125 2329 219 2390 causis
238 2329 351 2390 videtur
370 2329 512 2391 adductus
531 2349 610 2391 esse:
627 2328 752 2410 primum
773 2329 925 2390 nobilitate
945 2336 974 2390 et
990 2327 1168 2408 ingenuitate
1185 2331 1285 2409 animi,

126 2437 226 2497 deinde
246 2443 325 2497 metu
341 2436 428 2497 Arati
447 2442 477 2497 et
495 2435 687 2497 aemulatione
705 2436 814 2515 gloriae
833 2435 904 2515 ejus.
950 2432 1064 2505 Quodsi
1083 2435 1179 2514 prima
1197 2457 1286 2499 causa

79 2594 87 2611 .
125 2522 204 2604 recte
227 2542 266 2603 ad
290 2534 409 2604 Diniarn
432 2549 601 2615 revocatur,
625 2542 718 2604 altera
740 2541 835 2605 Arato
858 2542 1048 2604 attribuenda
1070 2549 1124 2603 est.
1171 2544 1218 2604 Ex
1241 2544 1286 2618 iis,

124 2669 197 2730 qnae
214 2648 288 2722 dixi,
306 2649 451 2729 sequitur,
471 2657 503 2711 nt
518 2648 694 2711 Plutarchus
713 2652 807 2711 tontes
822 2648 975 2710 contulerit
994 2667 1099 2729 eosque
1113 2649 1285 2730 conjungere

121 2755 276 2817 studuerit.
323 2756 425 2836 Neque
448 2774 517 2816 vero
546 2775 580 2816 ea
607 2775 710 2830 causa,
737 2774 825 2835 quam
849 2755 989 2835 Polybius
1011 2754 1134 2836 Lydiadi
1161 2756 1286 2833 subjicit,

120 2863 297 2942 neglegenda
321 2869 374 2924 est.
421 2861 498 2923 Dicit
520 2883 536 2924 e
558 2871 656 2924 autem
678 2862 751 2923 haec
769 2859 815 2933 II,
843 2858 898 2923 44:
921 2855 1084 2947 Λυδιάδης
1105 2856 1167 2942 μὲν
1186 2843 1286 2927 οὖνὸ

125 2968 400 3055 Μεγαλοπολίτης
413 2964 458 3032 ἔτι
470 2970 589 3047 ζοίντος
600 2968 792 3056 Δημητρίου
807 2961 886 3031 κατὰ
902 2963 963 3054 την
978 2962 1078 3032 αὑτοῦ
1093 2968 1284 3051 προαίρεσίν

121 3070 210 3140 πάνυ
219 3079 445 3159 πραγματικοῖς
462 3073 515 3140 καὶ
530 3077 653 3160 φρονίμ
668 3099 710 3151 ως
728 3069 949 3156 προησόμενος
964 3069 1122 3155 τόμέλλον
1137 3067 1283 3138 α’ντέθετο

120 3177 180 3269 την
203 3183 376 3264 τυραννίδα
398 3181 451 3248 καὶ
472 3183 609 3264 μετέσχε
631 3183 690 3269 τῆς
713 3178 850 3269 rigidum
873 3179 1065 3265 πολιτείας.*
1093 3217 1136 3226 -

226 3290 260 3353 0.
284 3309 308 3353 c.
331 3290 444 3355 XXXI
475 3298 504 3353 et
529 3288 674 3364 XXXII,
702 3289 893 3352 incursionem
920 3288 1058 3361 Aetolos,
1086 3289 1200 3351 loedere
1226 3287 1283 3351 icto

120 3415 185 3458 cum
204 3395 352 3477 Antigono
372 3397 512 3462 Gonrmta
535 3397 651 3481 (Polyb.
676 3395 721 3472 H,
743 3394 786 3459 43
806 3406 835 3458 et
857 3392 914 3469 45,
938 3393 984 3475 l),
1006 3395 1034 3456 in
1054 3394 1284 3475 Peloponnesum

120 3504 291 3583 suscepisse,
307 3524 440 3585 quaeque
449 3504 562 3568 Aratus
580 3506 617 3566 ad
633 3523 697 3566 eam
715 3504 922 3565 defendendam
938 3500 1105 3583 providerit,
1121 3509 1281 3564 enarratur.

226 3695 421 3756 *Fraomannz
450 3697 576 3768 ,history
602 3694 634 3751 of
656 3695 754 3751 federal
781 3694 972 3764 governmeut“
999 3709 1025 3762 p.
1048 3695 1101 3750 408
1128 3691 1210 3764 hujus
1232 3693 1283 3748 loci

119 3783 226 3854 Polybii
255 3787 384 3841 rationem
412 3802 466 3842 non
494 3785 588 3853 habet,
618 3791 647 3840 et
673 3800 733 3838 cum
755 3783 836 3837 etiam
859 3782 893 3837 de
915 3782 1068 3837 laudatione
1090 3781 1188 3835 inimici
1210 3780 1282 3836 illins

121 3877 310 3944 tyrannorum,
330 3889 399 3944 quae
418 3875 503 3944 prima
521 3880 597 3942 parte
615 3873 711 3942 capitis
730 3871 814 3927 nostri
832 3871 995 3941 continetur,
1014 3887 1067 3926 non
1084 3875 1156 3925 recte
1169 3868 1281 3938 judicet,

121 3960 223 4016 tactum
247 3970 290 4016 est
307 3968 339 4018 ut
358 3963 488 4034 Lydiadis
506 3979 592 4019 mores
615 3977 668 4017 nnn
686 3967 758 4016 recte
777 3960 947 4028 descripserit
969 3959 1015 4016 cfr.
1035 3975 1060 4028 p.
1079 3961 1196 4027 404-7,
1219 3959 1280 4028 423,

119 4054 173 4110 450
191 4066 231 4122 sq.
244 4083 278 4092 -
292 4051 346 4108 Sed
362 4054 476 4124 majores
489 4052 582 4108 laudes
594 4067 674 4121 quam
688 4050 816 4105 Freeman
829 4049 952 4118 Droysen
964 4051 1019 4118 1[[,
1039 4052 1055 4105 2
1074 4063 1099 4116 p.
1113 4051 1155 4114 32,
1174 4049 1208 4103 39
1222 4062 1280 4116 sqq.

118 4142 144 4196 ei
162 4141 296 4203 attribuit,
332 4142 361 4198 Is
380 4143 462 4211 enim,
483 4141 553 4198 bello
571 4157 631 4195 cum
651 4139 787 4195 Demetrio
805 4143 883 4208 gesto
902 4137 1034 4207 contecto,
1053 4136 1127 4204 cacis
1145 4140 1285 4189 auctorem
