2856 4574
622 165 842 230 ..12-

152 382 213 424 rem
241 369 354 442 gestam
383 361 427 424 bis
455 381 607 426 enarrasse
633 362 773 442 suspicor.
821 361 880 426 Sed
907 383 945 425 ex
973 384 1008 425 ea
1034 383 1081 439 re,
1113 365 1189 446 quod
1219 364 1316 426 altera

152 469 298 531 enarratio
321 470 365 530 ita
388 455 501 548 incipit:
530 459 617 547 ἅπαξ
640 463 678 533 δὲ
702 466 795 532 καὶ..
817 469 889 530 mihi
915 489 1057 550 apparere
1083 472 1212 546 videtur,
1239 469 1316 534 Plu-

153 577 286 636 tarchum
309 577 338 637 in
362 576 410 637 illo
432 578 511 637 fonte
534 577 740 638 accuratiorem
765 585 927 657 temporum
957 576 1155 638 definitionem
1181 597 1238 639 non
1266 577 1316 639 in-

152 684 273 745 venisse.
320 680 388 752 Quo
411 681 504 760 magis
527 681 624 760 igitur,
652 691 685 744 ut
713 681 790 744 hanc
819 701 936 762 pugnae
959 684 1192 763 descriptionem,
1225 704 1315 765 quam

153 790 181 849 iu
216 808 315 850 rerum
347 789 385 849 ab
417 787 567 868 Aristippo
601 796 747 867 gestarum
782 790 971 852 enarratione
1010 799 1078 852 ante
1113 789 1314 871 expeditiones

152 915 176 956 c.
200 894 344 958 XXVIII
366 903 397 956 et
417 892 531 958 XXIX
553 895 681 972 positam
702 895 873 972 invenisset,
896 905 1034 978 tanquam
1050 896 1177 959 alienam
1192 916 1211 958 a
1225 898 1315 961 rebus

151 1022 175 1066 c.
201 1001 298 1065 XXV
320 1001 448 1064 narratis
471 1002 605 1085 adderet,
629 1003 735 1065 adduci
757 1011 885 1084 poterat.

256 1109 369 1172 Aratus
392 1127 476 1181 vero,
500 1119 657 1188 postquam
679 1128 710 1169 re
733 1108 809 1170 male
831 1117 914 1190 gesta
936 1108 1032 1170 laesae
1054 1109 1135 1189 pacis
1155 1109 1314 1174 damnatus

151 1223 208 1289 est,
227 1216 337 1294 proelio
356 1235 421 1277 cum
438 1214 590 1295 Aristippo
609 1216 757 1276 decertare
775 1217 933 1279 constituit.
963 1215 1039 1277 .Sed
1058 1236 1121 1279 cum
1140 1215 1178 1276 ad
1195 1215 1313 1278 Charon

151 1323 258 1384 flumen
286 1341 455 1402 progressus
481 1340 567 1402 agros
594 1321 749 1401 populatus
774 1331 865 1398 esset,
891 1324 928 1384 ab
955 1323 1107 1403 Aristippo
1133 1323 1228 1384 victus
1256 1330 1311 1386 est.

153 1429 230 1490 Eam
247 1437 370 1509 partem,
396 1448 453 1509 qua
467 1428 594 1490 Aratum
608 1427 705 1490 auimo
724 1428 827 1490 timido
842 1437 873 1490 et
887 1431 922 1492 de
939 1432 1028 1492 misso
1043 1429 1153 1491 cladem
1168 1430 1314 1510 accepisse

152 1536 351 1611 confirmatur,
370 1555 386 1596 e
405 1533 617 1597 commentariis
633 1553 689 1596 non
705 1534 824 1598 fluxisse
839 1536 1020 1616 intelligitur,
1038 1536 1084 1598 cui
1098 1536 1139 1598 rei
1154 1537 1183 1598 id
1200 1555 1314 1618 quoque

152 1642 266 1716 obstat,
290 1643 367 1722 quod
390 1642 502 1706 Aratus
525 1641 579 1703 sub
602 1641 689 1702 finem
712 1640 817 1721 capitis
841 1644 1075 1725 reprehenditur,
1098 1644 1167 1726 quia
1185 1644 1312 1706 indutias

150 1748 327 1810 Nemeorum
343 1748 496 1810 violaverit
515 1766 634 1828 eosque,
657 1747 707 1828 qui
727 1748 803 1811 ludis
821 1749 1015 1823 interfuerint,
1038 1752 1093 1813 sub
1114 1769 1220 1813 corona
1238 1770 1312 1811 veu-

151 1855 266 1917 diderit.
311 1855 369 1918 Sed
392 1854 506 1917 facilius
528 1873 563 1915 ea
584 1855 622 1915 ad
646 1873 712 1916 eum
730 1856 854 1930 iontem,
881 1876 937 1937 quo
959 1856 1134 1920 Plutarchus
1159 1858 1189 1919 in
1217 1857 1313 1938 capite

153 1963 345 2025 antecedente
368 1981 438 2024 usus
459 1970 517 2036 est,
543 1970 730 2036 revocantur,
757 1963 927 2043 praesertim
956 1983 1044 2044 quum
1066 1964 1162 2045 capita
1188 1965 1314 2026 naturali

154 2069 281 2149 quodam
306 2068 392 2131 modo
416 2067 492 2129 inter
514 2087 545 2130 se
567 2067 721 2148 conjuncta
742 2067 802 2160 sint
824 2076 854 2130 et
879 2068 1001 2131 similem
1025 2071 1167 2132 sermonis
1189 2070 1314 2132 colorem

151 2176 321 2255 praebeant.
377 2175 479 2236 Timor
519 2182 618 2237 autem
651 2183 681 2236 et
712 2174 801 2237 animi
841 2175 977 2238 demissio
1020 2177 1047 2238 ei
1087 2177 1186 2239 eodem
1227 2179 1312 2241 modo

151 2283 180 2344 in
207 2301 240 2343 eo
268 2301 382 2363 quoque
415 2283 495 2343 toute
522 2282 708 2356 adscribitur,
741 2281 791 2362 qui
824 2281 853 2343 in
881 2302 905 2343 c.
935 2281 968 2345 X
994 2283 1143 2345 adhibitus
1173 2290 1227 2346 est.
1259 2284 1311 2350 cfr.

152 2388 283 2472 πολέμῳ
303 2385 357 2451 καὶ
372 2381 471 2470 α’γαῑντ
485 2383 677 2474 χρήσασθαι
692 2392 842 2472 φανεροῖς
858 2382 1011 2476 ἀθαρσής
1022 2385 1075 2453 καὶ
1087 2384 1312 2465 coartans-
1363 2374 1366 2389 ¹

151 2495 214 2557 Iam
235 2514 318 2569 vero,
336 2514 402 2556 cum
420 2493 478 2554 boc
495 2494 559 2556 loco
574 2493 632 2554 alia
647 2504 812 2571 occurrant,
831 2514 908 2575 quae
922 2495 1028 2557 similia
1047 2504 1115 2557 sunt
1135 2497 1309 2560 enarrationi

151 2602 269 2676 Diniae,
289 2601 357 2683 quin
377 2599 425 2662 hic
442 2601 506 2662 lons
527 2601 565 2662 ab
582 2599 726 2680 Argolicis
750 2602 880 2683 ejusdem
900 2601 1050 2682 scriptoris
1069 2621 1125 2665 non
1145 2604 1313 2679 abhorreat,

152 2709 286 2771 dubitare
309 2728 364 2769 non
389 2726 551 2787 possumus.

258 2815 361 2894 Capite
384 2812 496 2876 XXIX
522 2817 614 2876 denuo
641 2813 731 2876 Arati
757 2822 787 2876 et
813 2833 926 2889 eorum,
953 2815 1001 2896 qui
1028 2815 1102 2877 circa
1129 2836 1194 2878 eum
1223 2826 1313 2893 eraut,

152 2922 227 2982 ratio
245 2921 382 2996 habetur,
400 2921 448 3001 qui
470 2921 614 3001 prioribus
629 2921 772 3002 capitibus
789 2921 875 3001 plane
888 2921 1010 3000 neglecti
1027 2930 1118 2985 erant.
1164 2923 1312 2986 Narratur

152 3038 250 3090 autem
278 3045 375 3108 pugna
402 3026 480 3107 apud
509 3027 633 3089 Cleonas
660 3035 762 3088 contra
787 3027 972 3110 Aristippum
1000 3030 1165 3092 commissa.
1211 3031 1311 3109 Atque

152 3136 269 3210 iterum,
300 3153 374 3215 quae
406 3133 512 3196 milites
542 3139 637 3196 tacere
664 3132 778 3196 Aratus
807 3134 927 3214 jusserit
959 3136 1176 3217 accpratissirne
1208 3136 1313 3198 dicitur

152 3245 202 3303 clr.
221 3239 302 3303 VIII
324 3260 368 3320 sq.
393 3250 423 3301 et
444 3238 548 3303 XXII.
595 3240 697 3320 Neque
716 3242 826 3316 minus,
846 3241 983 3304 Achaeos
1001 3242 1206 3321 paratissimos
1223 3242 1312 3303 luisse

153 3350 191 3409 ad
215 3350 343 3410 Aratum
365 3348 545 3429 sequendum
573 3354 602 3408 et
628 3347 759 3409 maxima
788 3347 964 3424 allacritate,
992 3349 1109 3411 effusius
1132 3348 1310 3429 exprimitur.

154 3434 222 3541 (ἥγε
237 3448 312 3528 τούς
326 3451 482 3533 Ἀχαίους
497 3451 680 3534 ἑπομένους
696 3446 779 3516 οὕτω
795 3446 953 3530 εὐτάκτως
969 3447 1052 3519 οὕτω
1068 3449 1105 3518 δὲ
1120 3454 1239 3534 ταχέως
1258 3451 1310 3517 καὶ

152 3557 390 3644 προθύμως...
415 3563 466 3624 cfr.
489 3559 612 3634 XXIV,
638 3558 688 3623 16.
734 3564 833 3642 Atque
857 3581 1009 3624 caesorum
1029 3562 1155 3624 hostium
1174 3580 1310 3623 uumerus

152 3669 286 3743 refertur,
313 3667 498 3729 Achaeorum
521 3687 591 3730 vero
614 3666 758 3729 nemiuem
782 3667 920 3730 cecidisse
946 3668 1103 3730 extollitur.
1148 3667 1253 3749 Itaque
1276 3688 1312 3730 ea

153 3795 189 3836 ex
213 3775 429 3838 commentariis
456 3774 563 3836 hausta
590 3793 652 3836 esse
680 3775 808 3854 exceptis
835 3776 884 3849 iis,
918 3794 993 3856 quae
1025 3794 1043 3836 a
1069 3772 1161 3837 Dinia
1187 3775 1312 3855 repetita

152 3891 221 3943 suut
243 3877 278 3965 (ὁ
301 3878 361 3963 μὲν
379 3875 536 3964 τύραννος
554 3873 620 3945 ὑπό
639 3875 765 3966 Κρητός
783 3903 870 3957 τινος
889 3877 933 3957 ὥς
950 3881 1081 3956 Δεινίας
1097 3879 1222 3962 ἱστορεῖ
1238 3874 1310 3945 τοῦ-

151 4009 238 4069 νομα
256 3988 442 4071 Τραγίσκου
456 3981 730 4070 ἀποσφάττεται),
747 3988 962 4050 evidentissime
974 3995 1107 4068 apparet.
1144 3985 1229 4057 Quae
1241 4007 1310 4050 vero

152 4097 207 4162 fine
223 4095 327 4176 capitis
344 4097 380 4158 de
392 4094 510 4175 ignavia
523 4093 611 4157 Arati
626 4100 657 4155 ct
671 4091 775 4156 timore
791 4097 983 4174 proteruntur,
996 4113 1174 4176 quorumque
1189 4114 1310 4158 causam
