2856 4574
602 226 823 288 ,47-

132 421 277 487 achaicae
293 416 338 484 ἔτι
350 419 409 495 νῦν
424 413 575 503 Ἀράτιον
594 419 647 485 καὶ
660 416 805 486 θύουσιν
824 413 912 506 adep*
923 419 1047 484 θυσίαν
1063 423 1099 484 ad
1115 420 1308 484 Plutarchum

132 532 230 611 ipsum
254 527 419 590 revocanda
446 535 522 589 sunt.
546 563 590 572 —
612 526 778 608 Descriptio
807 527 903 591 ultimi
931 527 1034 607 capitis
1062 527 1144 590 haud
1180 526 1240 589 scio
1269 546 1307 588 an

132 638 171 698 ad
198 635 354 717 Polybium
377 634 526 696 referenda
548 636 602 707 sit,
627 654 803 717 quamquam
826 633 1045 713 congruentiam
1069 653 1127 695 non
1153 633 1307 714 perspicue

130 745 263 805 videmus
286 740 341 802 nisi
366 760 422 801 nno
446 739 524 815 loco,
550 742 626 822 qnod
654 749 771 822 propter
793 739 1113 822 Polybiirelationem
1146 758 1202 802 non
1231 739 1307 802 inte-

131 869 215 929 gram
238 847 343 908 harum
368 845 493 925 partium
522 855 552 908 et
579 856 698 928 propter
725 846 899 909 brevitatem
928 845 1081 909 Plutarchi
1107 865 1164 908 non
1200 847 1306 909 micum

132 964 185 1019 est.
228 954 312 1026 Quae
334 954 370 1015 de
389 952 476 1014 rebus
492 953 581 1016 Arati
602 953 721 1016 minoris
741 954 861 1034 ejusque
881 971 972 1015 uxore
986 972 1006 1014 a
1021 951 1160 1033 Philippo
1177 950 1306 1015 abducta

134 1063 248 1144 (Livius
271 1057 412 1133 XXVII,
441 1057 499 1143 31)
522 1070 690 1135 narrantur,
719 1080 756 1122 ex
779 1059 903 1142 Polybio
927 1059 1034 1131 hausta
1056 1077 1120 1120 esse
1142 1057 1305 1121 verisimile

131 1179 186 1232 est.
233 1168 295 1229 Res
324 1167 481 1241 adversas,
514 1186 587 1247 quas
614 1175 717 1247 postea
745 1166 897 1247 Philippus
930 1165 1061 1247 accepit,
1096 1183 1205 1246 poenas
1229 1184 1304 1241 csse,

132 1277 237 1358 quibus
260 1277 354 1336 latum
379 1265 484 1358 (τύχη)
508 1272 636 1336 facinora
658 1272 783 1335 scelesta
806 1272 881 1336 illius
903 1272 1044 1335 ulciscens
1068 1291 1136 1335 oum
1161 1271 1305 1347 affecerit,

134 1402 171 1444 ex
193 1380 310 1463 Polybii
332 1376 458 1453 XXIII,
482 1375 537 1452 10,
561 1377 581 1441 2
604 1397 668 1459 sqq.
693 1380 879 1456 demanasse,
902 1379 1089 1442 manifestum
1113 1388 1168 1442 est.

238 1523 302 1584 Hoc
325 1522 386 1584 loco
407 1521 496 1583 etiam
516 1519 669 1583 dicendum
690 1528 735 1583 est
750 1523 787 1583 de
803 1521 884 1584 brevi
899 1521 1063 1583 narratione
1079 1517 1245 1583 Pausaniae
1264 1518 1306 1594 H,

137 1628 171 1702 8,
195 1627 214 1690 2
237 1648 326 1710 nsque
349 1628 387 1689 ad
410 1626 444 1702 9,
471 1623 502 1688 4.
527 1663 570 1672 -
593 1627 667 1703 Res,
696 1647 771 1709 quae
795 1627 935 1690 hocloco
958 1647 1048 1709 saepe
1072 1647 1129 1689 non
1151 1635 1230 1690 recte
1251 1647 1302 1690 re-

134 1736 262 1796 feruntur
289 1733 374 1796 facile
401 1733 548 1813 segregari
572 1731 724 1815 possunt*
768 1725 925 1796 Erroribus
956 1742 1056 1797 autem
1083 1734 1203 1797 remotis
1231 1754 1303 1797 nar-

133 1841 208 1902 ratio
242 1850 348 1914 restat,
385 1859 460 1920 qnae
487 1840 582 1902 colore
605 1843 701 1903 Aratu
730 1839 907 1903 amIcissimo
932 1840 1081 1904 Cleomeni
1106 1839 1304 1903 inimicissImo

133 1955 164 2007 et
185 1947 342 2021 affinitate,
374 1967 461 2028 quam
485 1947 579 2009 habet
602 1967 669 2010 cum
691 1946 846 2011 Plutarchi
869 1947 1080 2029 descriptione,
1107 1946 1196 2010 Arati
1220 1967 1302 2010 com-
1388 1930 1414 2012 ,⁴

133 2054 294 2114 mentarios
317 2054 437 2115 redolet.
473 2089 516 2100 -
549 2053 704 2116 Acerrima
732 2055 808 2117 enim
831 2052 1032 2117 condemnatio
1052 2053 1216 2118 Cleomenis
1238 2073 1303 2116 ont-

133 2161 271 2240 niumqne
293 2177 389 2222 rerum
414 2160 453 2221 ab
476 2159 525 2221 illo
540 2162 701 2236 iactamm,
726 2162 790 2224 laus
805 2161 975 2222 meritorum
990 2159 1092 2236 Arati,
1116 2162 1171 2224 ved
1186 2160 1303 2223 illorum

132 2286 208 2347 quae
238 2267 378 2328 historiae
400 2284 457 2328 non
481 2267 583 2345 gravia
606 2277 706 2341 erant,
736 2268 814 2329 velut
841 2266 919 2330 illius
947 2268 1048 2330 auxilii
1072 2269 1148 2349 quod
1173 2268 1302 2331 Atheni·

134 2373 250 2434 ensibus
275 2371 433 2433 liberandis
461 2373 542 2448 tulit,
570 2374 650 2436 velut
671 2374 866 2448 innocentiae,
894 2394 953 2455 qna
981 2375 1131 2437 exsulibus
1158 2373 1302 2458 Sicyoniis

134 2479 332 2558 possessiones
357 2480 580 2554 reconciliabat,
604 2482 714 2542 iontem
739 2482 909 2557 ostendunt,
934 2481 983 2562 qui
1005 2500 1043 2542 ex
1062 2481 1195 2562 partibus
1211 2481 1302 2543 Arati

135 2585 313 2647 derivandos
336 2594 390 2647 est.
429 2585 605 2650 Accuratius
630 2585 711 2650 illum
734 2587 852 2651 definire
874 2607 1035 2669 possumus,
1058 2588 1083 2650 si
1108 2596 1212 2651 nostra
1234 2607 1300 2650 cum

234 2805 301 2858 *In
325 2803 417 2860 Paua:
439 2804 509 2875 VII,
533 2808 550 2860 2
578 2792 755 2884 δ”Αρατος
779 2793 975 2888 ἄπεχώρησε
997 2795 1176 2888 ἐθελοντής
1202 2801 1299 2860 falsum

128 2897 254 2951 indicium
273 2912 345 2965 esse,
365 2895 536 2952 manifestum
554 2902 598 2950 est
615 2895 663 2955 cfr.
682 2897 823 2951 Kracauer
841 2897 860 2954 l.
880 2895 898 2953 l.
916 2910 944 2962 p.
963 2898 1005 2951 16.
1024 2926 1058 2934 -

232 2989 264 3041 Iu
282 2987 367 3055 VIII,
391 2989 409 3042 4
429 2987 530 3044 Nomen
551 2985 685 3054 Antigoni
706 2984 835 3040 DosontIs
855 2982 921 3038 falso
939 2998 988 3052 pro
1006 2981 1140 3052 Antigoni
1158 2981 1300 3039 Gounatao

128 3076 238 3131 allatum
258 3083 308 3131 est.
327 3107 361 3115 -
380 3077 483 3132 Ibidem
497 3077 644 3131 Pausanias
662 3083 735 3131 errat
752 3077 857 3136 dicans:
877 3063 990 3136 αὐτίκα
1004 3065 1182 3160 στρατηγός
1197 3060 1298 3156 ᾕρητο

129 3157 151 3222 o‘
168 3154 310 3244 ’Ἄρατος
333 3165 381 3226 etr.
400 3167 494 3238 Polyb.
512 3170 553 3237 II,
572 3169 616 3225 43.
635 3200 669 3209 -
688 3168 769 3223 Palea
787 3170 868 3223 etlam
887 3171 930 3221 est
947 3164 1066 3220 narratio
1084 3166 1177 3222 mortis
1191 3161 1298 3220 Parscei

127 3253 175 3311 cfr.
188 3258 257 3311 Plut.
269 3258 453 3316 AratXXHI
465 3259 600 3328 Hermipp.
612 3258 663 3328 frg.
673 3258 960 3327 tntnuttermpcst
970 3256 1108 3312 :Athen
1116 3257 1160 3312 IV
1165 3271 1191 3324 p.
1198 3259 1297 3313 162.-

235 3347 268 3399 In
281 3347 336 3413 IX,
356 3350 373 3403 3
391 3361 446 3401 non
464 3352 539 3402 recto
557 3346 671 3404 retertur
689 3348 723 3401 de
735 3352 822 3402 morta
834 3347 983 3403 Cleomenis
996 3343 1044 3407 csr.
1054 3345 1144 3401 Cleom
1157 3345 1299 3402 XXXVII

131 3433 219 3504 Polyb
237 3436 275 3503 V,
295 3438 338 3491 39.
357 3468 391 3476 -

235 3525 332 3592 Pugna
360 3524 432 3592 apud
456 3525 580 3580 Pellenen
607 3527 677 3582 inter
699 3527 781 3596 Agim
809 3530 840 3580 et
860 3525 975 3579 Aratum
1002 3523 1144 3579 commissa
1165 3525 1196 3579 11
1222 3527 1251 3594 8,
1279 3526 1298 3582 4

129 3612 197 3681 VH,
219 3617 248 3678 I,
268 3617 285 3669 2
303 3615 387 3683 VIII,
409 3616 455 3682 27,
476 3617 492 3670 9
511 3623 715 3672 commemorata
728 3616 786 3686 jam
807 3613 1025 3669 oSchoemanno
1043 3612 1060 3667 l.
1073 3613 1090 3671 l.
1103 3628 1129 3682 p.
1142 3614 1299 3669 XXXVHI

127 3699 175 3758 cfr.
195 3702 320 3771 Droysen
340 3704 357 3757 1.
370 3697 388 3759 l'.
400 3718 425 3770 p.
440 3704 506 3774 4213
526 3704 616 3763 Plass:
634 3705 771 3774 Tyrannio
784 3718 810 3772 p.
826 3705 878 3759 164
895 3700 1036 3770 repudiata
1054 3709 1107 3763 est.
1119 3735 1153 3743 -
1165 3705 1199 3758 In
1211 3703 1261 3772 IX,
1279 3706 1297 3759 2

126 3790 249 3858 trruptio,
273 3807 289 3844 a
313 3791 453 3847 Cleomene
476 3792 627 3847 interram
646 3793 931 3861 Megalopolitanorum
957 3789 1046 3862 facta,
1068 3807 1129 3846 curn
1152 3791 1299 3859 Irruptione

127 3893 191 3933 vere
213 3879 276 3933 anni
300 3879 477 3935 ducentesimi
496 3881 615 3936 vicesImi
638 3881 715 3950 primi
739 3880 811 3936 lanta
835 3880 934 3951 (Cleom
960 3881 1058 3936 XXIII
1079 3880 1166 3951 Polyb
1187 3881 1229 3951 II,
1253 3881 1297 3948 55)

127 3968 218 4022 nescio
245 3985 281 4022 an
304 3968 416 4024 confusa
443 3970 487 4028 sit.
525 3970 600 4037 Quae
623 3968 721 4025 ibidem
744 3971 779 4025 de
804 3968 930 4038 indutiis,
962 3984 1030 4038 quas
1052 3968 1208 4025 Cleomenes
1235 3985 1296 4025 cum

126 4056 243 4111 AchaeIs
261 4055 372 4126 fecerat,
393 4057 556 4130 referuntur,
576 4060 642 4130 quio
660 4059 695 4114 ad
713 4059 826 4115 eandem
844 4073 913 4128 rem,
934 4074 1013 4128 quam
1033 4057 1194 4115 Plutarchus
1204 4059 1295 4116 Cleom

127 4146 164 4214 V,
184 4149 201 4201 2
219 4151 323 4216 narrat,
343 4146 494 4202 revocanda
511 4149 578 4220 sint,
599 4149 716 4205 dubitari
734 4151 781 4206 vix
798 4152 898 4218 potest.
917 4179 950 4188 -
