2856 4574
601 175 823 279 415..

130 433 244 488 eorum,
273 432 348 492 quae
370 432 389 473 a
410 411 576 494 Phylarcho
599 412 678 474 dicta
700 419 782 487 suut,
810 412 886 492 quod
907 410 1123 491 comparatione
1145 411 1294 491 utriusque

136 519 287 583 relationis
316 519 533 600 comprobatur:
561 517 748 582 πανοπλίαν
774 511 896 597 ἔχουσα
918 513 971 581 καὶ
996 515 1152 599 σρίλοφον
1176 513 1296 595 κράνος
1345 591 1348 597 ⁴

130 621 153 713 ἦ
178 623 332 711 καλλίστη
362 621 416 688 καὶ
436 625 572 710 μεγίστη
597 627 661 688 τοῖν
688 625 865 701 παρθένων
897 617 966 686 ἄπο
996 623 1056 708 τῆς
1085 621 1295 706 α’κροπολεως

129 729 325 815 ἀπέβλεπεν.
371 714 702 812 Sedfflpigethis
725 714 921 792 lfflh—ena
943 731 1000 792 dea
1022 731 1140 792 exsistit
1155 750 1246 811 neque
1264 733 1294 792 in

129 839 238 901 solario
265 838 368 919 templi
395 837 556 901 Artemidis
584 837 636 900 sed
664 845 732 899 aute
758 837 899 917 templum
927 836 1063 899 Athenae
1092 835 1295 917 conspicitur*

131 947 249 1025 Pugnae
268 964 338 1007 vero
358 945 500 1006 enarratio
520 943 640 1006 similior
658 943 819 1024 expulsioni
837 942 1010 1007 Aetolorum
1028 962 1065 1004 ex
1085 943 1202 1022 Aegira,
1221 963 1296 1024 quae

130 1053 211 1133 apud
230 1051 384 1134 Polybium
401 1048 460 1125 IV,
483 1046 526 1114 58
545 1058 656 1124 exstat,
675 1069 763 1130 qnam
781 1049 933 1112 Plutarchi
952 1048 1130 1111 enarrationi
1150 1050 1294 1130 posterio-

130 1158 209 1220 ribus
227 1159 405 1238 temporibus
423 1166 489 1220 orta
508 1176 571 1220 esse
589 1156 704 1219 videtur
721 1176 813 1238 neque
831 1157 922 1218 ullum
937 1155 1030 1218 locum
1047 1155 1140 1217 habet
1154 1155 1183 1217 iu
1197 1174 1303 1217 rernm·

129 1274 278 1344 gestarum
302 1248 508 1345 descriptione
551 1262 611 1327 Sed
629 1263 705 1345 qnod
723 1261 898 1325 Timanthes
917 1281 1044 1344 pugnarn
1063 1263 1140 1342 apud
1159 1261 1294 1323 Pellenen

130 1371 315 1433 commissam
343 1370 473 1452 pinxisse
501 1369 621 1444 dicitur,
648 1368 776 1432 alienum
804 1370 918 1431 videtur
948 1388 1012 1431 esse
1040 1368 1078 1430 ah
1106 1369 1296 1430 antecedente

130 1477 270 1540 relatione
294 1487 325 1541 et
346 1479 385 1540 ad
406 1480 516 1541 fontem
538 1497 557 1538 a
575 1475 732 1538 Plutarcho
756 1476 785 1537 in
808 1496 833 1538 c.
852 1474 933 1539 XIII
951 1475 1128 1551 adhibitum,
1152 1475 1190 1537 ad
1208 1474 1295 1536 Pole-

130 1604 246 1645 monem
269 1585 459 1666 periegetarn,
482 1583 676 1646 revocandum
700 1601 779 1656 esse,
803 1582 961 1645 verisimile
984 1590 1039 1644 est.
1147 1603 1149 1611 ·

235 1692 338 1769 Atque
366 1711 390 1754 c.
419 1687 564 1754 XXXIII
591 1698 621 1752 et
645 1686 790 1751 XXXIV
822 1708 882 1769 pax
909 1709 974 1751 cum
1003 1687 1120 1751 Aetolis
1154 1688 1233 1750 facta
1266 1697 1295 1748 et

131 1795 213 1856 varia
250 1797 411 1859 tentamina
437 1796 525 1859 Arati
551 1795 688 1858 Athenas
714 1795 856 1858 liberandi
887 1795 926 1856 ab
958 1795 1080 1875 imperio
1108 1793 1295 1857 Macedonico

131 1901 338 1965 describuntur.
384 1903 430 1964 Ea
458 1921 504 1977 re,
532 1903 610 1984 quod
637 1921 698 1983 pax
726 1921 792 1964 curn
815 1901 932 1964 Aetolis
965 1902 1146 1964 Pantaleone
1177 1910 1294 1962 auctore

132 2009 209 2070 lacta
232 2028 296 2071 esse
326 2008 445 2083 dicitur,
475 2009 602 2072 Aratum
630 2018 729 2072 nostra
751 1978 907 2072 tradidihe
930 2008 1085 2070 verisimile
1115 2016 1174 2081 est,
1203 2026 1295 2088 neque

131 2115 305 2189 errabimus,
328 2115 354 2176 si
375 2115 506 2177 notiones
529 2114 670 2195 ejusmodi
698 2117 736 2177 de
759 2114 980 2177 necessitatibus
1001 2113 1087 2178 Arati
1111 2135 1126 2176 e
1147 2133 1296 2176 commen-

132 2220 216 2282 tariis
244 2222 368 2302 repetita
395 2241 458 2284 esse
484 2229 630 2304 putamus.
682 2222 780 2302 Atque
808 2221 893 2301 primi
923 2220 1050 2302 impetus
1082 2221 1295 2283 enarrationem

134 2326 228 2387 eidem
250 2327 322 2388 fonti
345 2327 568 2391 adscribendam
593 2347 657 2390 esse
672 2327 847 2390 Plutarchus
870 2327 931 2408 ipse
952 2329 1109 2409 profitetur.
1157 2326 1297 2407 Sequitur

136 2431 287 2494 Plutarchi
309 2431 398 2514 ipsius
417 2432 558 2514 judicium
581 2455 600 2497 a
628 2455 715 2497 versu
736 2432 800 2498 XV
823 2435 865 2496 ad
891 2454 1007 2496 versum
1035 2431 1148 2516 XIX;†
1181 2434 1294 2507 deinde,

135 2557 191 2617 qno
216 2539 302 2601 modo
325 2540 436 2603 Aratus
458 2541 486 2602 in
510 2541 743 2621 expeditionibus
771 2550 874 2604 contra
901 2541 1036 2603 Athenas
1064 2541 1207 2620 susceptis
1236 2560 1296 2602 rem

132 2645 269 2723 gesserit,
310 2654 456 2709 narratur.
502 2647 586 2710 Haec
618 2667 686 2710 vero
720 2648 882 2722 cavillatio,
919 2668 994 2729 quae
1025 2647 1100 2709 inest
1131 2646 1159 2708 in
1188 2648 1298 2708 verbis:

134 2743 245 2835 ὥσπερ
270 2751 303 2816 οἱ
325 2753 504 2837 δυσέρωτες
525 2749 736 2842 ἐπιχειρήσας
758 2753 802 2818 nni
821 2755 971 2838 Πειραιεῖ
994 2748 1014 2816 ὁ
1041 2749 1197 2837 Ἄρατος.
1211 2799 1238 2844 .,y
1258 2754 1295 2815 ad

132 2858 331 2941 Phylarchurn
355 2867 479 2943 spectat.
503 2896 546 2906 --

237 3068 350 3139 *Apud
375 3068 541 3140 Polynaeum
569 3069 692 3140 legimus:
716 3062 885 3155 ἀπέβλεψε
908 3058 976 3129 dni
999 3068 1058 3152 τῆς
1086 3060 1296 3151 ἀκροπόλεως

131 3175 159 3223 et
177 3171 257 3238 paulo
275 3178 349 3241 post:
371 3161 517 3228 Αἰτωλοὶ
539 3162 712 3250 πάρθενον
736 3163 950 3253 ὡπλισμένην
973 3162 1008 3231 ἐκ
1032 3167 1092 3231 τοῦ
1117 3167 1207 3250 ἱεροῦ
1238 3169 1297 3256 τῆς

130 3258 282 3350 Ἀθηνᾶς
295 3265 531 3347 προελθοῦσαν
547 3265 681 3349 ἰδόντες.
715 3289 778 3343 Loci
791 3288 874 3358 igitur
885 3287 1071 3344 determinatio
1086 3284 1243 3355 perturbato
1254 3292 1298 3342 est

130 3371 159 3421 et
176 3366 250 3422 hand
268 3368 323 3423 scio
341 3384 376 3424 an
395 3370 423 3426 id
448 3371 547 3431 lactum
574 3375 610 3430 sit
632 3390 665 3430 ea
687 3391 727 3446 re,
751 3393 831 3446 quam
850 3375 936 3448 Polyb
958 3376 1014 3445 IV,
1038 3378 1073 3433 58
1096 3374 1192 3444 tradit,
1216 3382 1244 3429 et
1269 3377 1295 3430 in

130 3471 184 3523 qua
202 3473 251 3511 arx
270 3458 362 3526 magui
379 3465 423 3515 est
440 3463 576 3520 momenti.
612 3464 654 3518 De
672 3464 727 3520 situ
746 3467 828 3534 tempi
845 3464 893 3524 cfr.
913 3466 1026 3520 Pausau.
1045 3465 1116 3532 VII,
1136 3462 1180 3519 27.

235 3546 342 3614 †Num
360 3548 492 3618 judicium
516 3551 652 3607 Plutarchi
680 3552 960 3610 verisimilitudiuibus
986 3558 1092 3607 tantum
1122 3557 1231 3607 enixum
1254 3569 1296 3608 ac·

131 3632 260 3699 eipiamus
274 3634 399 3692 dubitare
411 3654 564 3707 possumus.
600 3641 684 3697 Arato
694 3646 749 3696 tnm
762 3642 882 3712 inficeto,
895 3658 975 3712 quarn
988 3642 1148 3698 Plutarchus
1161 3642 1295 3712 aestimat,

131 3720 283 3792 mendacio,
304 3726 376 3793 quod
389 3727 503 3797 quisque
515 3729 635 3799 aequalis
649 3728 768 3786 refellere
779 3738 880 3800 posset,
893 3747 972 3787 nsum
984 3746 1056 3800 esse,
1075 3737 1106 3785 ut
1120 3747 1149 3786 se
1159 3737 1296 3802 purgaret,

132 3809 178 3862 vix
197 3810 388 3881 credipotest.
425 3816 551 3886 Accedit,
574 3817 647 3887 quod
669 3819 780 3874 Aratum
804 3820 891 3888 ipsum
914 3820 953 3875 illi
977 3820 1120 3874 incursioni
1142 3818 1297 3875 interfuisse

131 3897 302 3956 aPlutarclro
320 3918 375 3958 non
394 3902 579 3976 confirmatur,
598 3921 686 3975 neque
698 3913 770 3963 recte
781 3908 924 3977 colligitur,
942 3908 1073 3976 Erginum
1086 3909 1169 3977 copiis
1179 3909 1297 3963 caruisse

131 3985 166 4040 ad
184 3987 313 4056 impetum
333 3991 492 4048 faciendum.
528 3995 571 4049 Ex
589 3993 670 4050 rebus
688 3997 759 4050 enim
777 3996 813 4051 ab
830 3996 876 4053 illo
893 3996 1029 4065 praeclare
1047 3997 1120 4066 apud
1139 3997 1296 4052 Corinthum

115 4130 119 4136 ,
129 4075 229 4146 gestis,
248 4079 313 4146 quin
331 4079 477 4150 majoribus
495 4083 579 4151 copiis
597 4085 786 4140 mercennariis
798 4084 833 4141 ab
845 4085 929 4140 Arato
943 4083 1095 4154 praefectus
1113 4087 1160 4156 sit,
1181 4085 1297 4142 dubitari

128 4164 175 4219 vix
194 4171 295 4234 potest.
