2856 4574
611 239 657 278 1.-
701 198 745 266 45
790 239 853 260 -.

135 421 224 462 causa
247 399 304 474 IV,
331 398 427 474 19‚11
454 401 602 463 afferenda
624 407 700 462 sunt.
718 398 882 478 ——Capite
904 395 1045 469 XLVIII
1065 416 1103 458 ea
1125 391 1302 460 adumbrata

133 515 216 579 sunt,
241 527 313 587 quae
337 508 476 589 Polybius
499 506 555 582 IV,
585 506 658 581 826
682 526 743 587 sqq.
767 513 882 568 tractat.
907 541 950 550 -
973 505 1019 566 Ex
1042 504 1077 565 iis
1099 506 1199 579 rebus,
1225 523 1299 584 quas

132 613 310 675 Plutarchus
338 613 409 674 dicit
436 615 471 674 de
494 615 589 676 Arato
611 613 738 692 Philippi
762 630 882 673 suasore
905 611 933 672 in
958 631 1045 672 versu
1067 608 1116 673 XI
1137 630 1203 691 sqq.
1228 611 1296 672 alfi-

133 719 214 779 nitas
238 740 302 780 rum
325 718 441 800 Polybii
465 721 605 780 relatione
627 719 685 792 IV,
715 717 758 781 24
788 718 978 796 cognoscitur.
1025 715 1072 778 De
1095 717 1302 796 temperantia,

133 845 191 903 qua
216 825 369 906 Philippus
399 845 467 905 erga
497 827 749 887 Lacedaemonem
778 834 806 886 et
831 824 951 886 Cretam
980 844 1050 886 usus
1078 832 1138 897 est,
1161 822 1301 903 Polybius

79 944 83 949 '
132 929 192 1004 Ν,
221 929 263 992 23
287 940 316 991 et
339 929 590 1012 assequetur,
617 931 658 995 12
681 941 710 993 et
735 930 777 993 14
800 930 965 1009 diligentius
987 911 1056 1011 agit.
1103 932 1161 1004 Ea,
1186 948 1262 1010 qnae
1284 949 1303 990 a

133 1039 232 1098 verbis
256 1033 310 1099 καὶ
331 1033 385 1099 διαὶ
407 1041 505 1102 ταῦτα
526 1036 679 1112 XLVIII,
707 1037 747 1100 19
772 1039 851 1099 dicta
877 1046 960 1111 sunt,
983 1045 1143 1116 congruunt
1159 1055 1223 1098 cnm
1240 1035 1302 1096 Po-

133 1142 260 1225 lybianis
289 1143 360 1204 locis
388 1142 429 1218 V,
459 1141 500 1205 15
529 1154 558 1205 et
587 1143 639 1207 28.
687 1144 785 1224 Caput
812 1141 937 1216 XLIX,
972 1163 1028 1224 quo
1056 1144 1142 1206 modo
1170 1142 1300 1222 Philippi

136 1258 242 1310 natura
264 1268 414 1331 moresque
440 1252 537 1313 subito
562 1260 743 1313 commutata
772 1251 843 1326 sint,
874 1251 1008 1312 ostendit.
1053 1247 1219 1331 Descriptio
1242 1268 1298 1309 na-

136 1365 220 1415 turae
248 1357 327 1434 apud
352 1356 506 1436 Polybium
528 1356 602 1431 VII,
632 1355 703 1431 13‚7
729 1358 831 1419 eadem
855 1366 909 1418 est.
956 1355 1055 1432 Ratio,
1084 1376 1144 1437 qua
1166 1375 1297 1417 commn-

133 1463 206 1523 tatio
230 1462 308 1540 apud
333 1461 525 1524 Plutarchum
549 1464 696 1524 declarata
718 1473 778 1537 est,
802 1464 862 1524 alia
885 1471 930 1525 est
952 1464 1030 1544 apud
1054 1462 1226 1545 Polybium,
1250 1463 1299 1543 qui

133 1569 208 1628 hanc
232 1569 261 1628 vi
284 1588 436 1630 suesorum
460 1569 601 1631 malorum
628 1571 760 1631 effectam
791 1590 852 1631 esse
883 1570 961 1630 dicit.
1008 1569 1197 1643 Plutarchus,
1227 1568 1300 1630 Phi-

134 1673 242 1754 lippum
263 1675 356 1735 bonae
377 1646 498 1735 natdrae
520 1695 593 1750 osse,
617 1677 733 1738 omnino
757 1688 842 1756 negat
858 1684 890 1736 et·
902 1676 978 1737 illius
998 1675 1110 1754 priores
1134 1694 1230 1736 mores
1256 1675 1299 1736 si-

133 1781 258 1842 mulatos
286 1801 349 1842 esse
373 1781 495 1860 judicat.
519 1818 562 1826 -
585 1781 671 1853 Quod
695 1783 797 1844 Livius
820 1780 959 1855 XXVII,
991 1778 1051 1855 31,
1082 1801 1139 1861 quo
1167 1782 1230 1844 loco
1254 1801 1300 1843 res

132 1887 161 1947 in
187 1887 387 1967 Peloponneso
410 1895 507 1968 gestas
530 1889 627 1963 illurn,
649 1897 821 1969 sequentem
844 1888 1013 1970 Polybium,
1036 1886 1199 1968 prodidisse
1221 1886 1299 1950 veri-

132 1993 226 2053 simile
250 2004 306 2068 est,
332 2015 453 2055 uxorem
470 1995 558 2056 Arati
580 1996 699 2057 minoris
722 1996 896 2076 aPhilippo
920 1995 1076 2057 abductam
1100 2015 1164 2058 esse
1187 2003 1299 2070 narrat,

132 2101 309 2181 eandemque
332 2101 526 2162 narrationem
548 2103 756 2164 Plutarcheam
778 2103 815 2163 ad
840 2102 962 2162 eundem
983 2103 1107 2177 fontem,
1132 2101 1298 2185 Polybium,

131 2207 313 2267 referendam
341 2226 403 2267 esse
431 2215 580 2286 putamus.
628 2210 774 2270 Aceurate
806 2207 938 2287 congruit
966 2208 1121 2288 descriptio
1144 2206 1300 2270 Plutarchi

132 2312 204 2372 inde
227 2333 245 2374 a
268 2333 354 2374 versu
378 2333 451 2374 nono
475 2334 539 2376 oum
556 2315 672 2397 Polybii
696 2315 848 2377 naratione
871 2312 950 2388 VH,
976 2312 1052 2389 13‚6
1075 2333 1139 2395 sqq.
1164 2349 1206 2358 -
1233 2313 1297 2374 De·

134 2418 239 2497 criptio
270 2421 417 2481 seditionis
432 2419 589 2482 Messenae
611 2425 705 2484 factae
727 2422 805 2500 apud
821 2421 976 2504 Polybium
1001 2421 1110 2483 amissa
1133 2427 1194 2494 est,
1218 2420 1296 2502 qnod

132 2523 219 2585 valde
245 2526 343 2586 dolere
365 2527 513 2588 debemus.
560 2526 646 2598 Quod
669 2535 767 2589 autem
784 2528 888 2610 Polyb.
911 2525 991 2600 VH,
1018 2524 1089 2601 11,1
1115 2525 1203 2587 valde
1226 2545 1297 2588 con-

131 2632 209 2709 gruit
237 2652 301 2693 cum
325 2632 475 2694 Plutarchi
508 2636 603 2715 capite
632 2636 669 2709 L,
701 2636 777 2715 quod
805 2655 850 2696 res
876 2642 999 2708 tractat,
1035 2651 1109 2714 quae
1143 2651 1207 2695 oum
1239 2631 1298 2694 illis

132 2739 344 2800 Messeniorum
366 2742 529 2803 rumoribus
553 2750 632 2803 arete
655 2759 801 2804 connexae
824 2749 906 2814 sunt,
935 2741 1024 2802 etiam
1053 2746 1150 2819 partes
1171 2724 1295 2800 antece·

133 2846 233 2904 dentes
257 2845 286 2904 in
302 2845 425 2926 Polybio
450 2849 562 2927 positas
579 2868 662 2922 esse,
679 2847 847 2909 concludere
866 2866 1030 2927 possumus.
1076 2843 1146 2908 Jam
1163 2846 1297 2925 conferas

129 2949 224 3012 locum
249 2950 330 3012 illurn
353 2952 555 3034 Polybianum.

235 3056 311 3132 VH,
330 3056 387 3131 11,
407 3058 434 3121 1.
461 3059 632 3123 Φιλίππου
643 3054 811 3146 φήσαντος
827 3055 910 3142 πρὸς
925 3055 1000 3134 τούς
1018 3058 1224 3141 προεστῶτας
1239 3057 1297 3143 τῆς

128 3159 257 3238 πόλεως
273 3160 468 3228 θεάσασθαι
488 3162 548 3253 την
571 3162 754 3248 ἀκρόπολιν
777 3164 830 3231 καὶ
843 3166 948 3229 θῦσαι
967 3169 1016 3250 rep*
1026 3165 1091 3244 Ari,
1115 3159 1297 3248 ἀναβάντος

127 3264 209 3349 μετὰ
230 3275 288 3356 της
312 3272 492 3351 θεραπείας
515 3272 569 3338 καὶ
590 3269 748 3348 θύοντος,
771 3269 853 3354 μετὰ
867 3274 965 3337 ταῦτα
979 3267 1060 3337 κατὰ
1073 3269 1131 3336 τόν
1148 3267 1292 3353 ἐθισμόν

128 3373 163 3438 ἐκ
185 3376 248 3438 τῶν
270 3376 436 3440 τυθέντων
459 3377 582 3461 ἱερείων
593 3365 899 3463 προ-ςεῖεχθέντων
916 3372 1002 3463 αὐτῷ
1017 3379 1080 3441 τῶν
1097 3373 1294 3460 σπλάγχνων

130 3479 308 3564 δεξάμενος
332 3477 455 3558 εἰςτὰς
477 3487 589 3567 χεῖρας
611 3484 664 3549 καὶ
686 3483 788 3569 βραχύ
812 3485 980 3560 deaclinae
1002 3483 1098 3573 ἤρετο
1116 3485 1296 3568 προτείνων

128 3591 197 3664 τοῖς
222 3587 296 3671 περὶ
318 3586 375 3652 τόν
392 3572 591 3671 fferre
613 3595 707 3656 δοκεῖ
728 3590 767 3656 τοι
788 3588 860 3675 ἱερὰ
869 3577 1057 3679 effluam
1080 3585 1222 3673 πότερον
1246 3587 1297 3654 ε’κ-

127 3697 247 3777 χωρεῖν
263 3701 320 3780 τη”ς
337 3688 437 3776 ἄκρας
459 3688 484 3781 η’
498 3700 628 3775 κρατεῖν
651 3693 766 3785 αὕτηςς
789 3695 809 3762 o‘
830 3695 892 3780 μὲν
912 3679 971 3764 οὖν
990 3693 1178 3784 Δημήτριος
1200 3693 1294 3763 αὐτό-

126 3807 192 3865 θεν
216 3799 251 3865 ἐκ
272 3803 333 3866 τοῦ
355 3802 600 3890 προβεβηκότος
631 3801 738 3885 ,εἰμὲν
766 3801 911 3885 μάντεως
938 3806 1059 3890 φρένας
1086 3804 1187 3886 ἔχεις,
1215 3801 1292 3892 ἔφη,

128 3907 283 3991 ἐκχωρεῖν
299 3905 358 3995 την
374 3910 544 3997 ταχίστην,
569 3907 634 3975 εἰδὲ
647 3913 804 3996 βασιλέως
821 3898 1045 3995 πραγματικοῦ
1061 3916 1172 4001 τηρεῖν
1191 3897 1294 4000 αὐτην

128 4014 182 4080 ἵνα
204 4010 252 4102 μη
275 4020 335 4080 νῦν
359 4012 452 4098 ἀφεὶς
477 4018 573 4104 ζητῇς
599 4014 710 4100 ἕτερον
733 4014 920 4106 ἐπιτήδειον
943 4018 1067 4101 καιρόν.
1113 4013 1213 4098 οὕτως
1234 4016 1294 4103 γάρ

127 4121 285 4206 ἑκατέρων
308 4122 371 4186 ταῖν
393 4120 535 4206 κεράτων
558 4125 683 4209 κρατῶν
710 4121 819 4207 μόνως
842 4118 882 4191 ἂν
909 4121 1102 4212 ὑποχείριον
1124 4124 1212 4209 ἔχοις
1233 4125 1292 4195 τόν
