2856 4574
604 181 824 248 ,48-

132 377 285 441 Plutarchi
302 377 441 440 relatione
456 378 699 457 comparavimus.
738 379 864 441 Animus
886 378 1081 440 attendendus
1095 385 1141 441 est
1157 379 1305 461 imprimis

132 485 173 546 ad
203 485 248 558 id,
278 485 354 565 quod
382 484 547 545 Pausanias
574 492 706 565 repetens
733 505 752 546 a
780 485 960 565 temporibus
989 486 1039 547 diu
1069 493 1139 546 ante
1167 496 1305 567 tempora

132 590 226 653 Arati
250 590 415 670 praeteritis
440 589 519 652 velut
534 591 708 652 Plutarchus
724 613 743 652 a
759 592 947 653 seditionibus
964 601 1029 671 post
1044 599 1169 654 mortem
1184 593 1304 656 Cleonis

131 696 221 772 ortis,
245 697 349 778 quibus
365 696 489 770 Clinias‚
513 707 596 777 pater
611 697 714 773 Arati,
737 699 840 760 florere
863 707 1012 778 coeperat,
1033 697 1146 761 initium
1168 700 1305 780 descrip-

129 803 218 866 tionis
249 804 338 883 capit.
371 803 529 865 Accedunt
562 805 654 865 multa
681 806 741 867 alia
768 813 926 866 momenta.
977 805 1115 868 Conferas
1138 800 1217 880 τούς
1239 801 1304 886 μὲν

131 905 234 973 ἔλαθε
263 901 319 972 άτε
347 905 382 972 ἐν
407 904 512 993 σκότῳ
539 905 662 992 νόκτωρ
685 907 743 993 γάρ
772 907 814 996 δή
837 906 897 995 τήν
920 907 1123 997 ἐπιχείρησιν
1150 907 1304 977 ἐποιεῖτο

128 1000 265 1092 νοός-δὲ
287 1014 340 1079 καὶ
360 1011 560 1099 βιασάμενος
582 1021 648 1080 ταῖν
665 1013 900 1100 φυλασσόντων
919 1013 1043 1096 ἐγένετο
1063 1011 1154 1093 ἐντός
1170 1019 1304 1098 τείχους

132 1120 186 1187 καὶ
207 1117 369 1204 basanae
390 1118 451 1205 γάρ
472 1117 533 1197 ἕως
556 1116 621 1211 ἤδη
645 1146 687 1184 :
710 1125 788 1185 Plut.
817 1123 904 1186 Arat.
928 1122 1005 1198 VII,
1033 1123 1076 1187 22
1098 1145 1153 1206 sqq
1211 1124 1303 1202 VIII,

130 1227 173 1294 ‘25
195 1250 258 1311 sqq.
305 1225 364 1293 όδέ
378 1230 546 1316 Νικοκλῆς
566 1223 663 1305 αότός
677 1225 799 1293 ἔλαθεν
815 1222 964 1307 ἀποδράς
980 1252 1021 1289 τ..-
1039 1231 1118 1294 Plut.
1134 1231 1229 1296 Aret.
1245 1231 1302 1311 IX,

136 1334 157 1398 5
181 1316 226 1422 ἦν
241 1329 302 1419 γάρ
326 1334 400 1410 δέος
422 1337 493 1411 τοῖς
515 1337 619 1399 πάσιν
633 1328 790 1420 Ἕλλησιν
806 1332 1011 1400 Μακεδόνων
1026 1335 1078 1401 καὶ
1094 1335 1298 1423 Ἀντιγόνου,

129 1426 344 1508 remehone
367 1437 442 1517 τούς
456 1443 654 1517 Σικυωνίους
677 1441 722 1517 εἷς
740 1438 776 1505 τά
796 1440 936 1520 Ἀχαιῶν
958 1443 1128 1525 συνέδριον
1150 1444 1294 1533 εῖςήχαχε

131 1550 270 1631 Δωριεῖς
295 1540 390 1623 ὄντας
414 1571 455 1608 .-·.·
480 1556 558 1610 Arai
580 1548 643 1624 IX,
669 1549 710 1612 19
733 1571 795 1632 sqq.

234 1653 376 1738 ’Ἀρατος
390 1649 498 1718 δεινόν
518 1651 629 1740 ἡγεῖτο
645 1655 795 1737 Πειραιᾶ
809 1653 862 1719 καὶ
871 1656 1066 1734 Μουνυχίαν
1081 1650 1126 1718 ἔτι
1140 1651 1178 1720 δὲ
1196 1658 1299 1724 Σαλα-

130 1763 213 1845 μῖνα
229 1760 282 1826 καὶ
296 1757 436 1825 Σούνιον
452 1758 592 1843 ἐχόμενα
612 1757 679 1826 δπδ
695 1758 899 1826 Μακεδόνων
918 1763 1158 1848 περιοφθῆναι,
1184 1765 1242 1830 καὶ
1256 1815 1263 1829 .
1277 1815 1302 1830 ..

127 1855 289 1956 κίιοχένην
311 1869 427 1932 πείθει
448 1864 506 1932 τόν
525 1865 560 1931 ἐν
575 1870 644 1943 τοῖς
659 1869 828 1950 φρουρίοις
842 1862 984 1950 άρχοντα
997 1861 1129 1951 άῳείναι
1143 1865 1184 1933 τά
1199 1876 1303 1955 χωρία

130 1971 185 2040 ἐπὶ
206 1959 602 2061 ταλάντοῖπεντήκοντα
625 1960 891 2038 nummio-nol
916 1977 979 2037 τῶν
1001 1971 1176 2060 χρημάτων
1206 1995 1302 2044 συνε-

129 2082 261 2147 τέλεσεν
283 2077 377 2146 έκτον
398 2082 497 2162 μέρος
521 2105 562 2140 =
586 2085 664 2144 Arat
686 2081 840 2157 XXXIV,
865 2081 907 2146 22
930 2102 995 2163 sqq.

234 2189 343 2252 Mirum
366 2199 506 2269 quantum
530 2189 579 2250 illa
595 2190 771 2251 Pausaniae:
797 2184 968 2272 συμβαλών
988 2185 1024 2253 δὲ
1047 2185 1078 2269 (ὁ
1095 2172 1302 2279 Κλεομένης)

133 2293 209 2378 περὶ
223 2290 340 2381 Δύμην
363 2290 423 2381 τήν
446 2289 527 2377 ὑπὲρ
551 2298 687 2377 Πατρων
702 2292 841 2378 Ἀράτου
864 2292 917 2358 καὶ
938 2290 1010 2358 τότε
1030 2291 1220 2381 ἡγουμένου
1235 2299 1301 2362 τῶν

131 2380 273 2482 'Apuleio
296 2407 373 2486 νικᾷ
393 2401 430 2489 τῇ
453 2397 539 2490 μάχῃ
553 2450 582 2465 ..
605 2413 765 2481 congruunt
791 2423 854 2463 curn
875 2402 1024 2463 Plutarchi
1040 2402 1179 2465 relatione
1195 2404 1301 2468 Cleom

128 2508 219 2584 XIV,
249 2509 298 2571 ubi
327 2509 363 2570 de
390 2509 491 2570 iisdem
521 2510 607 2572 rebus
636 2529 701 2570 eum
729 2527 782 2588 per
804 2508 1051 2587 interpositionem
1074 2512 1302 2574 commentarios

132 2626 298 2699 sequentem
334 2614 482 2690 retulisse,
515 2615 789 2678 demonstravimus.
818 2650 861 2657 —
890 2614 1065 2676 Plutarchus
1093 2625 1190 2677 autem
1225 2616 1302 2681 haec

129 2723 213 2788 dicit:
241 2716 432 2808 ἐστρατήγει
457 2717 519 2803 μέν
546 2718 606 2805 γάρ
633 2716 705 2784 τότε
736 2721 924 2801 Υπερβατάς
951 2722 1010 2783 τοῦ
1037 2719 1066 2783 δ’
1092 2716 1233 2802 Ἀράτου
1261 2719 1300 2787 τό

130 2829 197 2892 πάν
220 2806 262 2912 ἦν
286 2823 402 2908 κράτος
419 2824 454 2891 ἐν
469 2830 539 2903 τοῖς
553 2825 711 2908 Ἀχαιοῖς.
728 2862 770 2870 -
786 2828 950 2888 Conferatis
973 2838 1138 2906 praeterea:
1163 2829 1297 2892 Pausan.

128 2933 191 3011 IX,
214 2933 234 2996 3
256 2929 381 3017 Ἀράτῳ
398 2928 433 2998 δὲ
446 2931 650 3017 Ἀντίγονος,
675 2926 732 2997 άτε
755 2928 848 3013 ἀνδρὶ
871 2926 1015 3020 εὐεργέτῃ
1041 2931 1094 2997 καὶ
1110 2949 1299 3018 συγκατειρ-

129 3040 280 3125 γασμένῳ
303 3037 437 3123 λαμπρά
461 3033 543 3104 οὕτω
566 3041 726 3122 διέμεινεν
749 3032 865 3113 εὔνους
889 3048 918 3100 ct
941 3039 1018 3101 Plut.
1038 3043 1116 3101 Anat
1134 3039 1254 3118 XLVI,
1277 3042 1297 3106 3

126 3144 319 3229 Ἀντίγονος
353 3142 393 3209 δὲ
421 3142 527 3211 πάντα
561 3143 600 3210 τά
634 3147 743 3210 δίκαια
776 3142 829 3208 καὶ
854 3141 1075 3226 φιλάνθρωπα
1100 3149 1145 3231 τῳ
1170 3145 1297 3236 Ἀράτῳ

128 3248 320 3341 πεποιηκός
332 3300 528 3317 ..........
550 3250 608 3317 τόν
630 3248 786 3332 διάδοχον
805 3250 863 3337 τῆς
877 3252 1042 3333 βασιλείας
1061 3252 1297 3320 Φίλιππον...

128 3359 268 3441 πέμπων
281 3357 325 3436 εἷς
335 3356 606 3447 Πελοπόννησον
617 3355 741 3442 Ἀράτῳ
752 3353 892 3438 μάλιστα
903 3358 1075 3440 προςέχειυ
1086 3355 1259 3425 έκελευσεν
1271 3410 1297 3426 ..

237 3466 316 3538 Quin
345 3469 522 3548 propinquae
550 3467 609 3527 sint
637 3466 704 3526 illae
732 3464 886 3526 relationes
914 3485 998 3525 neruo
1028 3466 1160 3528 dubitare
1188 3478 1297 3547 potest.

136 3571 199 3635 Sed
220 3575 257 3634 de
280 3575 373 3653 gradu
396 3574 576 3653 cognationis
600 3593 618 3634 a
640 3571 762 3633 diversis
785 3571 899 3633 diversa
927 3572 1036 3632 ratione
1067 3573 1145 3634 haud
1174 3575 1233 3636 scio
1258 3596 1296 3637 an

126 3678 282 3759 judicetur.
320 3681 427 3760 Neque
450 3680 568 3741 dubium
593 3688 650 3752 est,
673 3678 740 3759 quin
765 3679 964 3740 commentarii
987 3679 1077 3739 Arati
1100 3680 1148 3740 vel
1171 3682 1226 3760 ipsi
1249 3683 1296 3743 vel

124 3780 233 3846 'traditi
257 3786 319 3866 ejus
342 3786 452 3866 partis,
475 3787 510 3848 de
526 3806 585 3866 qua
600 3787 725 3865 egimus,
749 3787 843 3846 fontes
862 3785 1036 3858 habeantur,
1059 3785 1088 3845 id
1106 3789 1183 3868 quod
1201 3788 1295 3866 pretio
1356 3832 1358 3839 ·

128 3893 331 3954 constituendo
354 3911 466 3967 rernm,
488 3912 561 3972 quas
577 3891 739 3954 Pausanias
762 3893 861 3965 refert,
883 3891 1087 3970 gravissimum
1111 3912 1173 3954 esse
1197 3894 1296 3958 dehet.

624 4154 779 4187 -2000—
